
   <marc:record>
      <marc:leader>     cam a22        4500</marc:leader>
      <marc:controlfield tag="001">250188872</marc:controlfield>
      <marc:controlfield tag="003">DE-576</marc:controlfield>
      <marc:controlfield tag="005">20210615165820.0</marc:controlfield>
      <marc:controlfield tag="007">tu</marc:controlfield>
      <marc:controlfield tag="008">060124s2006    gw |||||      10| ||ger c</marc:controlfield>
      <marc:datafield tag="020" ind1=" " ind2=" ">
         <marc:subfield code="a">3777613827</marc:subfield>
         <marc:subfield code="9">3-7776-1382-7</marc:subfield>
      </marc:datafield>
      <marc:datafield tag="024" ind1="3" ind2=" ">
         <marc:subfield code="a">9783777613826</marc:subfield>
      </marc:datafield>
      <marc:datafield tag="035" ind1=" " ind2=" ">
         <marc:subfield code="a">(DE-627)506161900</marc:subfield>
      </marc:datafield>
      <marc:datafield tag="035" ind1=" " ind2=" ">
         <marc:subfield code="a">(DE-576)250188872</marc:subfield>
      </marc:datafield>
      <marc:datafield tag="035" ind1=" " ind2=" ">
         <marc:subfield code="a">(DE-599)GBV506161900</marc:subfield>
      </marc:datafield>
      <marc:datafield tag="035" ind1=" " ind2=" ">
         <marc:subfield code="a">(OCoLC)181528253</marc:subfield>
      </marc:datafield>
      <marc:datafield tag="035" ind1=" " ind2=" ">
         <marc:subfield code="a">(OCoLC)77482222</marc:subfield>
      </marc:datafield>
      <marc:datafield tag="035" ind1=" " ind2=" ">
         <marc:subfield code="a">(AT-OBV)AC05211254</marc:subfield>
      </marc:datafield>
      <marc:datafield tag="040" ind1=" " ind2=" ">
         <marc:subfield code="a">DE-576</marc:subfield>
         <marc:subfield code="b">ger</marc:subfield>
         <marc:subfield code="c">DE-576</marc:subfield>
         <marc:subfield code="e">rakwb</marc:subfield>
      </marc:datafield>
      <marc:datafield tag="041" ind1=" " ind2=" ">
         <marc:subfield code="a">ger</marc:subfield>
      </marc:datafield>
      <marc:datafield tag="044" ind1=" " ind2=" ">
         <marc:subfield code="c">XA-DE</marc:subfield>
      </marc:datafield>
      <marc:datafield tag="050" ind1=" " ind2="0">
         <marc:subfield code="a">RD118</marc:subfield>
      </marc:datafield>
      <marc:datafield tag="082" ind1="0" ind2="4">
         <marc:subfield code="a">610</marc:subfield>
      </marc:datafield>
      <marc:datafield tag="084" ind1=" " ind2=" ">
         <marc:subfield code="a">610</marc:subfield>
         <marc:subfield code="2">sdnb</marc:subfield>
      </marc:datafield>
      <marc:datafield tag="084" ind1=" " ind2=" ">
         <marc:subfield code="a">BK 6200</marc:subfield>
         <marc:subfield code="q">OBV</marc:subfield>
         <marc:subfield code="2">rvk</marc:subfield>
         <marc:subfield code="0">(DE-625)rvk/11933:</marc:subfield>
      </marc:datafield>
      <marc:datafield tag="084" ind1=" " ind2=" ">
         <marc:subfield code="a">CC 6600</marc:subfield>
         <marc:subfield code="q">OBV</marc:subfield>
         <marc:subfield code="2">rvk</marc:subfield>
         <marc:subfield code="0">(DE-625)rvk/17661:</marc:subfield>
      </marc:datafield>
      <marc:datafield tag="084" ind1=" " ind2=" ">
         <marc:subfield code="a">CC 7200</marc:subfield>
         <marc:subfield code="q">OBV</marc:subfield>
         <marc:subfield code="2">rvk</marc:subfield>
         <marc:subfield code="0">(DE-625)rvk/17672:</marc:subfield>
      </marc:datafield>
      <marc:datafield tag="084" ind1=" " ind2=" ">
         <marc:subfield code="a">LC 59000</marc:subfield>
         <marc:subfield code="q">OBV</marc:subfield>
         <marc:subfield code="2">rvk</marc:subfield>
         <marc:subfield code="0">(DE-625)rvk/90665:772</marc:subfield>
      </marc:datafield>
      <marc:datafield tag="084" ind1=" " ind2=" ">
         <marc:subfield code="a">XC 2800</marc:subfield>
         <marc:subfield code="q">OBV</marc:subfield>
         <marc:subfield code="2">rvk</marc:subfield>
         <marc:subfield code="0">(DE-625)rvk/152507:12905</marc:subfield>
      </marc:datafield>
      <marc:datafield tag="084" ind1=" " ind2=" ">
         <marc:subfield code="a">CC 7264</marc:subfield>
         <marc:subfield code="2">rvk</marc:subfield>
         <marc:subfield code="0">(DE-625)rvk/17679:</marc:subfield>
      </marc:datafield>
      <marc:datafield tag="084" ind1=" " ind2=" ">
         <marc:subfield code="a">XC 2805</marc:subfield>
         <marc:subfield code="2">rvk</marc:subfield>
         <marc:subfield code="0">(DE-625)rvk/152507:12911</marc:subfield>
      </marc:datafield>
      <marc:datafield tag="084" ind1=" " ind2=" ">
         <marc:subfield code="a">XC 2812</marc:subfield>
         <marc:subfield code="2">rvk</marc:subfield>
         <marc:subfield code="0">(DE-625)rvk/152507:12918</marc:subfield>
      </marc:datafield>
      <marc:datafield tag="084" ind1=" " ind2=" ">
         <marc:subfield code="a">AP 84100</marc:subfield>
         <marc:subfield code="2">rvk</marc:subfield>
         <marc:subfield code="0">(DE-625)rvk/8031:</marc:subfield>
      </marc:datafield>
      <marc:datafield tag="084" ind1=" " ind2=" ">
         <marc:subfield code="a">PJ 2340</marc:subfield>
         <marc:subfield code="2">rvk</marc:subfield>
         <marc:subfield code="0">(DE-625)rvk/136658:</marc:subfield>
      </marc:datafield>
      <marc:datafield tag="084" ind1=" " ind2=" ">
         <marc:subfield code="a">44.02</marc:subfield>
         <marc:subfield code="2">bkl</marc:subfield>
      </marc:datafield>
      <marc:datafield tag="245" ind1="1" ind2="0">
         <marc:subfield code="a">Körper als Maß?</marc:subfield>
         <marc:subfield code="b">Biomedizinische Eingriffe und ihre Auswirkungen auf Körper- und Identitätsverständnisse</marc:subfield>
         <marc:subfield code="c">hrsg. von Simone Ehm und Silke Schicktanz</marc:subfield>
      </marc:datafield>
      <marc:datafield tag="264" ind1=" " ind2="1">
         <marc:subfield code="a">Stuttgart</marc:subfield>
         <marc:subfield code="b">Hirzel</marc:subfield>
         <marc:subfield code="c">c 2006</marc:subfield>
      </marc:datafield>
      <marc:datafield tag="300" ind1=" " ind2=" ">
         <marc:subfield code="a">254 S.</marc:subfield>
         <marc:subfield code="b">Ill.</marc:subfield>
         <marc:subfield code="c">23 cm</marc:subfield>
      </marc:datafield>
      <marc:datafield tag="336" ind1=" " ind2=" ">
         <marc:subfield code="a">Text</marc:subfield>
         <marc:subfield code="b">txt</marc:subfield>
         <marc:subfield code="2">rdacontent</marc:subfield>
      </marc:datafield>
      <marc:datafield tag="337" ind1=" " ind2=" ">
         <marc:subfield code="a">ohne Hilfsmittel zu benutzen</marc:subfield>
         <marc:subfield code="b">n</marc:subfield>
         <marc:subfield code="2">rdamedia</marc:subfield>
      </marc:datafield>
      <marc:datafield tag="338" ind1=" " ind2=" ">
         <marc:subfield code="a">Band</marc:subfield>
         <marc:subfield code="b">nc</marc:subfield>
         <marc:subfield code="2">rdacarrier</marc:subfield>
      </marc:datafield>
      <marc:datafield tag="500" ind1=" " ind2=" ">
         <marc:subfield code="a">Literaturangaben</marc:subfield>
      </marc:datafield>
      <marc:datafield tag="583" ind1="1" ind2=" ">
         <marc:subfield code="a">Archivierung/Langzeitarchivierung gewährleistet</marc:subfield>
         <marc:subfield code="f">PEBW</marc:subfield>
         <marc:subfield code="2">pdager</marc:subfield>
         <marc:subfield code="5">DE-24</marc:subfield>
      </marc:datafield>
      <marc:datafield tag="591" ind1=" " ind2=" ">
         <marc:subfield code="a">5090 ddsu, sred ; XC 2812:L1UB ; IMD-Felder und 1131 maschinell ergänzt (SWB)</marc:subfield>
      </marc:datafield>
      <marc:datafield tag="650" ind1=" " ind2="0">
         <marc:subfield code="a">Body image</marc:subfield>
      </marc:datafield>
      <marc:datafield tag="650" ind1=" " ind2="0">
         <marc:subfield code="a">Ethics, medical</marc:subfield>
      </marc:datafield>
      <marc:datafield tag="650" ind1=" " ind2="0">
         <marc:subfield code="a">Patient rights</marc:subfield>
      </marc:datafield>
      <marc:datafield tag="650" ind1=" " ind2="0">
         <marc:subfield code="a">Bioethical issues</marc:subfield>
      </marc:datafield>
      <marc:datafield tag="650" ind1=" " ind2="0">
         <marc:subfield code="a">Surgical procedures, operative</marc:subfield>
      </marc:datafield>
      <marc:datafield tag="653" ind1=" " ind2="2">
         <marc:subfield code="a">Body Image</marc:subfield>
      </marc:datafield>
      <marc:datafield tag="653" ind1=" " ind2="2">
         <marc:subfield code="a">Self Concept</marc:subfield>
      </marc:datafield>
      <marc:datafield tag="653" ind1=" " ind2="2">
         <marc:subfield code="a">Surgical Procedures, Operative</marc:subfield>
      </marc:datafield>
      <marc:datafield tag="653" ind1=" " ind2="2">
         <marc:subfield code="a">Patient Rights</marc:subfield>
      </marc:datafield>
      <marc:datafield tag="650" ind1=" " ind2="4">
         <marc:subfield code="a">Body Image</marc:subfield>
      </marc:datafield>
      <marc:datafield tag="650" ind1=" " ind2="4">
         <marc:subfield code="a">Patient Rights</marc:subfield>
      </marc:datafield>
      <marc:datafield tag="650" ind1=" " ind2="4">
         <marc:subfield code="a">Self Concept</marc:subfield>
      </marc:datafield>
      <marc:datafield tag="650" ind1=" " ind2="4">
         <marc:subfield code="a">Surgical Procedures, Operative</marc:subfield>
      </marc:datafield>
      <marc:datafield tag="655" ind1=" " ind2="7">
         <marc:subfield code="a">Konferenzschrift</marc:subfield>
         <marc:subfield code="y">2003</marc:subfield>
         <marc:subfield code="z">Berlin</marc:subfield>
         <marc:subfield code="0">(DE-588)1071861417</marc:subfield>
         <marc:subfield code="0">(DE-627)826484824</marc:subfield>
         <marc:subfield code="0">(DE-576)433375485</marc:subfield>
         <marc:subfield code="2">gnd-content</marc:subfield>
      </marc:datafield>
      <marc:datafield tag="689" ind1="0" ind2="0">
         <marc:subfield code="D">s</marc:subfield>
         <marc:subfield code="0">(DE-588)4161187-1</marc:subfield>
         <marc:subfield code="0">(DE-627)105471909</marc:subfield>
         <marc:subfield code="0">(DE-576)209863811</marc:subfield>
         <marc:subfield code="a">Ich-Identität</marc:subfield>
         <marc:subfield code="2">gnd</marc:subfield>
      </marc:datafield>
      <marc:datafield tag="689" ind1="0" ind2="1">
         <marc:subfield code="D">s</marc:subfield>
         <marc:subfield code="0">(DE-588)4114388-7</marc:subfield>
         <marc:subfield code="0">(DE-627)105822558</marc:subfield>
         <marc:subfield code="0">(DE-576)209484209</marc:subfield>
         <marc:subfield code="a">Leiblichkeit</marc:subfield>
         <marc:subfield code="2">gnd</marc:subfield>
      </marc:datafield>
      <marc:datafield tag="689" ind1="0" ind2="2">
         <marc:subfield code="D">s</marc:subfield>
         <marc:subfield code="0">(DE-588)4006882-1</marc:subfield>
         <marc:subfield code="0">(DE-627)106375814</marc:subfield>
         <marc:subfield code="0">(DE-576)208867619</marc:subfield>
         <marc:subfield code="a">Biomedizinische Technik</marc:subfield>
         <marc:subfield code="2">gnd</marc:subfield>
      </marc:datafield>
      <marc:datafield tag="689" ind1="0" ind2=" ">
         <marc:subfield code="5">DE-101</marc:subfield>
      </marc:datafield>
      <marc:datafield tag="689" ind1="1" ind2="0">
         <marc:subfield code="D">s</marc:subfield>
         <marc:subfield code="0">(DE-588)4647152-2</marc:subfield>
         <marc:subfield code="0">(DE-627)33287026X</marc:subfield>
         <marc:subfield code="0">(DE-576)214626121</marc:subfield>
         <marc:subfield code="a">Biomedizin</marc:subfield>
         <marc:subfield code="2">gnd</marc:subfield>
      </marc:datafield>
      <marc:datafield tag="689" ind1="1" ind2="1">
         <marc:subfield code="D">s</marc:subfield>
         <marc:subfield code="0">(DE-588)4031575-7</marc:subfield>
         <marc:subfield code="0">(DE-627)106264915</marc:subfield>
         <marc:subfield code="0">(DE-576)208993282</marc:subfield>
         <marc:subfield code="a">Körper</marc:subfield>
         <marc:subfield code="2">gnd</marc:subfield>
      </marc:datafield>
      <marc:datafield tag="689" ind1="1" ind2="2">
         <marc:subfield code="D">s</marc:subfield>
         <marc:subfield code="0">(DE-588)4035151-8</marc:subfield>
         <marc:subfield code="0">(DE-627)104493887</marc:subfield>
         <marc:subfield code="0">(DE-576)209010991</marc:subfield>
         <marc:subfield code="a">Leib-Seele-Problem</marc:subfield>
         <marc:subfield code="2">gnd</marc:subfield>
      </marc:datafield>
      <marc:datafield tag="689" ind1="1" ind2="3">
         <marc:subfield code="D">s</marc:subfield>
         <marc:subfield code="0">(DE-588)4077349-8</marc:subfield>
         <marc:subfield code="0">(DE-627)106080431</marc:subfield>
         <marc:subfield code="0">(DE-576)20920480X</marc:subfield>
         <marc:subfield code="a">Selbstbild</marc:subfield>
         <marc:subfield code="2">gnd</marc:subfield>
      </marc:datafield>
      <marc:datafield tag="689" ind1="1" ind2=" ">
         <marc:subfield code="5">(DE-627)</marc:subfield>
      </marc:datafield>
      <marc:datafield tag="700" ind1="1" ind2=" ">
         <marc:subfield code="a">Ehm, Simone</marc:subfield>
         <marc:subfield code="d">1972-</marc:subfield>
         <marc:subfield code="e">Hrsg.</marc:subfield>
         <marc:subfield code="0">(DE-588)130434353</marc:subfield>
         <marc:subfield code="0">(DE-627)501472649</marc:subfield>
         <marc:subfield code="0">(DE-576)189837160</marc:subfield>
         <marc:subfield code="4">edt</marc:subfield>
      </marc:datafield>
      <marc:datafield tag="700" ind1="1" ind2=" ">
         <marc:subfield code="a">Schicktanz, Silke</marc:subfield>
         <marc:subfield code="d">1970-</marc:subfield>
         <marc:subfield code="0">(DE-588)128518537</marc:subfield>
         <marc:subfield code="0">(DE-627)374201587</marc:subfield>
         <marc:subfield code="0">(DE-576)183445848</marc:subfield>
         <marc:subfield code="4">oth</marc:subfield>
      </marc:datafield>
      <marc:datafield tag="850" ind1=" " ind2=" ">
         <marc:subfield code="a">aa</marc:subfield>
      </marc:datafield>
      <marc:datafield tag="856" ind1="4" ind2="2">
         <marc:subfield code="u">http://swbplus.bsz-bw.de/bsz250188872inh.htm</marc:subfield>
         <marc:subfield code="m">V:DE-576</marc:subfield>
         <marc:subfield code="q">text/html</marc:subfield>
         <marc:subfield code="3">Inhaltsverzeichnis</marc:subfield>
      </marc:datafield>
      <marc:datafield tag="935" ind1=" " ind2=" ">
         <marc:subfield code="i">Blocktest</marc:subfield>
      </marc:datafield>
      <marc:datafield tag="936" ind1="r" ind2="v">
         <marc:subfield code="a">BK 6200</marc:subfield>
         <marc:subfield code="b">Eingriff in das Leben (Gentechnik, Operationen, Transplantationen, Menschenversuche, Sterilisation, Tierversuche)</marc:subfield>
         <marc:subfield code="k">Theologie und Religionswissenschaften</marc:subfield>
         <marc:subfield code="k">Theologische Ethik/Moraltheologie</marc:subfield>
         <marc:subfield code="k">Spezielle Moraltheologie/Spezielle Ethik</marc:subfield>
         <marc:subfield code="k">Verantwortung für Leib und Leben</marc:subfield>
         <marc:subfield code="k">Eingriff in das Leben (Gentechnik, Operationen, Transplantationen, Menschenversuche, Sterilisation, Tierversuche)</marc:subfield>
         <marc:subfield code="0">(DE-627)127072553X</marc:subfield>
         <marc:subfield code="0">(DE-625)rvk/11933:</marc:subfield>
         <marc:subfield code="0">(DE-576)20072553X</marc:subfield>
      </marc:datafield>
      <marc:datafield tag="936" ind1="r" ind2="v">
         <marc:subfield code="a">CC 6600</marc:subfield>
         <marc:subfield code="b">Abhandlungen</marc:subfield>
         <marc:subfield code="k">Philosophie</marc:subfield>
         <marc:subfield code="k">Systematische Philosophie</marc:subfield>
         <marc:subfield code="k">Philosophische Anthropologie</marc:subfield>
         <marc:subfield code="k">Abhandlungen</marc:subfield>
         <marc:subfield code="0">(DE-627)1270639021</marc:subfield>
         <marc:subfield code="0">(DE-625)rvk/17661:</marc:subfield>
         <marc:subfield code="0">(DE-576)200639021</marc:subfield>
      </marc:datafield>
      <marc:datafield tag="936" ind1="r" ind2="v">
         <marc:subfield code="a">CC 7200</marc:subfield>
         <marc:subfield code="b">Abhandlungen</marc:subfield>
         <marc:subfield code="k">Philosophie</marc:subfield>
         <marc:subfield code="k">Systematische Philosophie</marc:subfield>
         <marc:subfield code="k">Ethik</marc:subfield>
         <marc:subfield code="k">Abhandlungen</marc:subfield>
         <marc:subfield code="0">(DE-627)1270639072</marc:subfield>
         <marc:subfield code="0">(DE-625)rvk/17672:</marc:subfield>
         <marc:subfield code="0">(DE-576)200639072</marc:subfield>
      </marc:datafield>
      <marc:datafield tag="936" ind1="r" ind2="v">
         <marc:subfield code="a">LC 59000</marc:subfield>
         <marc:subfield code="b">Darstellung ohne geografischen Bezug</marc:subfield>
         <marc:subfield code="k">Ethnologie</marc:subfield>
         <marc:subfield code="k">Kunst und Wissen</marc:subfield>
         <marc:subfield code="k">Wissen und Wahrnehmung</marc:subfield>
         <marc:subfield code="k">Anthropologie der Sinne und der Körperlichkeit</marc:subfield>
         <marc:subfield code="k">Darstellung ohne geografischen Bezug</marc:subfield>
         <marc:subfield code="0">(DE-627)1272279863</marc:subfield>
         <marc:subfield code="0">(DE-625)rvk/90665:772</marc:subfield>
         <marc:subfield code="0">(DE-576)202279863</marc:subfield>
      </marc:datafield>
      <marc:datafield tag="936" ind1="r" ind2="v">
         <marc:subfield code="a">XC 2800</marc:subfield>
         <marc:subfield code="b">Allgemeines</marc:subfield>
         <marc:subfield code="k">Medizin</marc:subfield>
         <marc:subfield code="k">Allgemeine Medizin, Krankenhauswesen, Krankenpflege</marc:subfield>
         <marc:subfield code="k">Medizin und Geisteswissenschaften</marc:subfield>
         <marc:subfield code="k">Arzt und Patient, Medizinische Ethik, Vivisektion</marc:subfield>
         <marc:subfield code="k">Allgemeines</marc:subfield>
         <marc:subfield code="0">(DE-627)1270878786</marc:subfield>
         <marc:subfield code="0">(DE-625)rvk/152507:12905</marc:subfield>
         <marc:subfield code="0">(DE-576)200878786</marc:subfield>
      </marc:datafield>
      <marc:datafield tag="936" ind1="r" ind2="v">
         <marc:subfield code="a">CC 7264</marc:subfield>
         <marc:subfield code="b">Bio- und Medizinethik</marc:subfield>
         <marc:subfield code="k">Philosophie</marc:subfield>
         <marc:subfield code="k">Systematische Philosophie</marc:subfield>
         <marc:subfield code="k">Ethik</marc:subfield>
         <marc:subfield code="k">Angewandte Ethik (Bioethik, Medizinische Ethik, Ethik der einzelnen Wissenschaften)</marc:subfield>
         <marc:subfield code="k">Bio- und Medizinethik</marc:subfield>
         <marc:subfield code="0">(DE-627)1320147151</marc:subfield>
         <marc:subfield code="0">(DE-625)rvk/17679:</marc:subfield>
         <marc:subfield code="0">(DE-576)250147157</marc:subfield>
      </marc:datafield>
      <marc:datafield tag="936" ind1="r" ind2="v">
         <marc:subfield code="a">XC 2805</marc:subfield>
         <marc:subfield code="b">Kongress, Tagungsbericht, Fortbildungslehrgang, Symposium</marc:subfield>
         <marc:subfield code="k">Medizin</marc:subfield>
         <marc:subfield code="k">Allgemeine Medizin, Krankenhauswesen, Krankenpflege</marc:subfield>
         <marc:subfield code="k">Medizin und Geisteswissenschaften</marc:subfield>
         <marc:subfield code="k">Arzt und Patient, Medizinische Ethik, Vivisektion</marc:subfield>
         <marc:subfield code="k">A. Formalschlüssel</marc:subfield>
         <marc:subfield code="k">Kongress, Tagungsbericht, Fortbildungslehrgang, Symposium</marc:subfield>
         <marc:subfield code="0">(DE-627)1271523213</marc:subfield>
         <marc:subfield code="0">(DE-625)rvk/152507:12911</marc:subfield>
         <marc:subfield code="0">(DE-576)201523213</marc:subfield>
      </marc:datafield>
      <marc:datafield tag="936" ind1="r" ind2="v">
         <marc:subfield code="a">XC 2812</marc:subfield>
         <marc:subfield code="b">Experimentelles</marc:subfield>
         <marc:subfield code="k">Medizin</marc:subfield>
         <marc:subfield code="k">Allgemeine Medizin, Krankenhauswesen, Krankenpflege</marc:subfield>
         <marc:subfield code="k">Medizin und Geisteswissenschaften</marc:subfield>
         <marc:subfield code="k">Arzt und Patient, Medizinische Ethik, Vivisektion</marc:subfield>
         <marc:subfield code="k">A. Formalschlüssel</marc:subfield>
         <marc:subfield code="k">Allgemeine Literatur zu einem Hauptgebiet</marc:subfield>
         <marc:subfield code="k">Experimentelles</marc:subfield>
         <marc:subfield code="0">(DE-627)1272674045</marc:subfield>
         <marc:subfield code="0">(DE-625)rvk/152507:12918</marc:subfield>
         <marc:subfield code="0">(DE-576)202674045</marc:subfield>
      </marc:datafield>
      <marc:datafield tag="936" ind1="r" ind2="v">
         <marc:subfield code="a">AP 84100</marc:subfield>
         <marc:subfield code="b">Physiologie des Tanzes</marc:subfield>
         <marc:subfield code="k">Allgemeines</marc:subfield>
         <marc:subfield code="k">Medien- und Kommunikationswissenschaften, Kommunikationsdesign</marc:subfield>
         <marc:subfield code="k">Tanz</marc:subfield>
         <marc:subfield code="k">Natur und Kultur des Tanzes, Forschung</marc:subfield>
         <marc:subfield code="k">Physiologie des Tanzes</marc:subfield>
         <marc:subfield code="0">(DE-627)1270693387</marc:subfield>
         <marc:subfield code="0">(DE-625)rvk/8031:</marc:subfield>
         <marc:subfield code="0">(DE-576)200693387</marc:subfield>
      </marc:datafield>
      <marc:datafield tag="936" ind1="r" ind2="v">
         <marc:subfield code="a">PJ 2340</marc:subfield>
         <marc:subfield code="b">Plastische Chirurgie</marc:subfield>
         <marc:subfield code="k">Rechtswissenschaft</marc:subfield>
         <marc:subfield code="k">Medizinrecht (Biorecht, Recht des Gesundheitswesens, Arzneimittel- und Medizinproduktrecht, Medizinstrafrecht, Apothekenrecht)</marc:subfield>
         <marc:subfield code="k">Ethisch-rechtliche Fragen zum Medizin- und Biorecht</marc:subfield>
         <marc:subfield code="k">Plastische Chirurgie</marc:subfield>
         <marc:subfield code="0">(DE-627)144822778X</marc:subfield>
         <marc:subfield code="0">(DE-625)rvk/136658:</marc:subfield>
         <marc:subfield code="0">(DE-576)378227785</marc:subfield>
      </marc:datafield>
      <marc:datafield tag="936" ind1="b" ind2="k">
         <marc:subfield code="a">44.02</marc:subfield>
         <marc:subfield code="j">Philosophie und Theorie der Medizin</marc:subfield>
         <marc:subfield code="0">(DE-627)10640962X</marc:subfield>
      </marc:datafield>
      <marc:datafield tag="951" ind1=" " ind2=" ">
         <marc:subfield code="a">BO</marc:subfield>
      </marc:datafield>
   </marc:record>