
   <marc:record>
      <marc:leader>     cam a22        4500</marc:leader>
      <marc:controlfield tag="001">117855502</marc:controlfield>
      <marc:controlfield tag="003">DE-576</marc:controlfield>
      <marc:controlfield tag="005">20210615164307.0</marc:controlfield>
      <marc:controlfield tag="007">tu</marc:controlfield>
      <marc:controlfield tag="008">050511s2005    gw |||||      00| ||ger c</marc:controlfield>
      <marc:datafield tag="015" ind1=" " ind2=" ">
         <marc:subfield code="a">05,N21,0438</marc:subfield>
         <marc:subfield code="2">dnb</marc:subfield>
      </marc:datafield>
      <marc:datafield tag="016" ind1="7" ind2=" ">
         <marc:subfield code="a">974664588</marc:subfield>
         <marc:subfield code="2">DE-101</marc:subfield>
      </marc:datafield>
      <marc:datafield tag="020" ind1=" " ind2=" ">
         <marc:subfield code="a">9783593378893</marc:subfield>
         <marc:subfield code="c"> : Kt. : ca. EUR 14.90, ca. EUR 15.40 (AT)</marc:subfield>
         <marc:subfield code="9">978-3-593-37889-3</marc:subfield>
      </marc:datafield>
      <marc:datafield tag="020" ind1=" " ind2=" ">
         <marc:subfield code="a">3593378892</marc:subfield>
         <marc:subfield code="c">kart. : EUR 14.90 (DE), EUR 15.40 (AT), sfr 26.80</marc:subfield>
         <marc:subfield code="9">3-593-37889-2</marc:subfield>
      </marc:datafield>
      <marc:datafield tag="024" ind1="3" ind2=" ">
         <marc:subfield code="a">9783593378893</marc:subfield>
      </marc:datafield>
      <marc:datafield tag="035" ind1=" " ind2=" ">
         <marc:subfield code="a">(DE-627)486205177</marc:subfield>
      </marc:datafield>
      <marc:datafield tag="035" ind1=" " ind2=" ">
         <marc:subfield code="a">(DE-576)117855502</marc:subfield>
      </marc:datafield>
      <marc:datafield tag="035" ind1=" " ind2=" ">
         <marc:subfield code="a">(DE-599)DNB974664588</marc:subfield>
      </marc:datafield>
      <marc:datafield tag="035" ind1=" " ind2=" ">
         <marc:subfield code="a">(OCoLC)162269599</marc:subfield>
      </marc:datafield>
      <marc:datafield tag="035" ind1=" " ind2=" ">
         <marc:subfield code="a">(OCoLC)162269599</marc:subfield>
      </marc:datafield>
      <marc:datafield tag="035" ind1=" " ind2=" ">
         <marc:subfield code="a">(DE-605)HT014482745</marc:subfield>
      </marc:datafield>
      <marc:datafield tag="035" ind1=" " ind2=" ">
         <marc:subfield code="a">(DE-478)952343600</marc:subfield>
      </marc:datafield>
      <marc:datafield tag="035" ind1=" " ind2=" ">
         <marc:subfield code="a">(DE-H357)his31012</marc:subfield>
      </marc:datafield>
      <marc:datafield tag="040" ind1=" " ind2=" ">
         <marc:subfield code="a">DE-576</marc:subfield>
         <marc:subfield code="b">ger</marc:subfield>
         <marc:subfield code="c">DE-576</marc:subfield>
         <marc:subfield code="e">rakwb</marc:subfield>
      </marc:datafield>
      <marc:datafield tag="041" ind1=" " ind2=" ">
         <marc:subfield code="a">ger</marc:subfield>
      </marc:datafield>
      <marc:datafield tag="041" ind1=" " ind2=" ">
         <marc:subfield code="h">fre</marc:subfield>
      </marc:datafield>
      <marc:datafield tag="044" ind1=" " ind2=" ">
         <marc:subfield code="c">XA-DE-HE</marc:subfield>
         <marc:subfield code="c">XD-US</marc:subfield>
      </marc:datafield>
      <marc:datafield tag="082" ind1="0" ind2="4">
         <marc:subfield code="a">360</marc:subfield>
      </marc:datafield>
      <marc:datafield tag="084" ind1=" " ind2=" ">
         <marc:subfield code="a">8</marc:subfield>
         <marc:subfield code="2">ssgn</marc:subfield>
      </marc:datafield>
      <marc:datafield tag="084" ind1=" " ind2=" ">
         <marc:subfield code="a">1</marc:subfield>
         <marc:subfield code="2">ssgn</marc:subfield>
      </marc:datafield>
      <marc:datafield tag="084" ind1=" " ind2=" ">
         <marc:subfield code="a">MS 4800</marc:subfield>
         <marc:subfield code="2">rvk</marc:subfield>
         <marc:subfield code="0">(DE-625)rvk/123718:</marc:subfield>
      </marc:datafield>
      <marc:datafield tag="084" ind1=" " ind2=" ">
         <marc:subfield code="a">QV 350</marc:subfield>
         <marc:subfield code="2">rvk</marc:subfield>
         <marc:subfield code="0">(DE-625)rvk/142150:</marc:subfield>
      </marc:datafield>
      <marc:datafield tag="084" ind1=" " ind2=" ">
         <marc:subfield code="a">MS 6500</marc:subfield>
         <marc:subfield code="2">rvk</marc:subfield>
         <marc:subfield code="0">(DE-625)rvk/123757:</marc:subfield>
      </marc:datafield>
      <marc:datafield tag="084" ind1=" " ind2=" ">
         <marc:subfield code="a">QX 000</marc:subfield>
         <marc:subfield code="2">rvk</marc:subfield>
         <marc:subfield code="0">(DE-625)rvk/142178:</marc:subfield>
      </marc:datafield>
      <marc:datafield tag="084" ind1=" " ind2=" ">
         <marc:subfield code="a">QC 200</marc:subfield>
         <marc:subfield code="2">rvk</marc:subfield>
         <marc:subfield code="0">(DE-625)rvk/141259:</marc:subfield>
      </marc:datafield>
      <marc:datafield tag="084" ind1=" " ind2=" ">
         <marc:subfield code="a">PQ 2100</marc:subfield>
         <marc:subfield code="2">rvk</marc:subfield>
         <marc:subfield code="0">(DE-625)rvk/139231:</marc:subfield>
      </marc:datafield>
      <marc:datafield tag="084" ind1=" " ind2=" ">
         <marc:subfield code="a">PL 384</marc:subfield>
         <marc:subfield code="2">rvk</marc:subfield>
         <marc:subfield code="0">(DE-625)rvk/136986:</marc:subfield>
      </marc:datafield>
      <marc:datafield tag="084" ind1=" " ind2=" ">
         <marc:subfield code="a">83.14</marc:subfield>
         <marc:subfield code="2">bkl</marc:subfield>
      </marc:datafield>
      <marc:datafield tag="084" ind1=" " ind2=" ">
         <marc:subfield code="a">71.85</marc:subfield>
         <marc:subfield code="2">bkl</marc:subfield>
      </marc:datafield>
      <marc:datafield tag="084" ind1=" " ind2=" ">
         <marc:subfield code="a">08.45</marc:subfield>
         <marc:subfield code="2">bkl</marc:subfield>
      </marc:datafield>
      <marc:datafield tag="084" ind1=" " ind2=" ">
         <marc:subfield code="a">08.44</marc:subfield>
         <marc:subfield code="2">bkl</marc:subfield>
      </marc:datafield>
      <marc:datafield tag="090" ind1=" " ind2=" ">
         <marc:subfield code="a">a</marc:subfield>
      </marc:datafield>
      <marc:datafield tag="100" ind1="1" ind2=" ">
         <marc:subfield code="a">Vanderborght, Yannick</marc:subfield>
         <marc:subfield code="0">(DE-588)130570559</marc:subfield>
         <marc:subfield code="0">(DE-627)50382982X</marc:subfield>
         <marc:subfield code="0">(DE-576)298274256</marc:subfield>
         <marc:subfield code="4">aut</marc:subfield>
      </marc:datafield>
      <marc:datafield tag="240" ind1="1" ind2="2">
         <marc:subfield code="a">L'allocation universelle &lt;dt.&gt;</marc:subfield>
      </marc:datafield>
      <marc:datafield tag="245" ind1="1" ind2="4">
         <marc:subfield code="a">Ein Grundeinkommen für alle?</marc:subfield>
         <marc:subfield code="b">Geschichte und Zukunft eines radikalen Vorschlags</marc:subfield>
         <marc:subfield code="c">Yannick Vanderborght; Philippe Van Parijs</marc:subfield>
      </marc:datafield>
      <marc:datafield tag="264" ind1=" " ind2="1">
         <marc:subfield code="a">Frankfurt</marc:subfield>
         <marc:subfield code="a">New York, NY</marc:subfield>
         <marc:subfield code="b">Campus-Verl.</marc:subfield>
         <marc:subfield code="c">© 2005</marc:subfield>
      </marc:datafield>
      <marc:datafield tag="300" ind1=" " ind2=" ">
         <marc:subfield code="a">167 S.</marc:subfield>
         <marc:subfield code="b">graph. Darst.</marc:subfield>
         <marc:subfield code="c">21 cm</marc:subfield>
      </marc:datafield>
      <marc:datafield tag="336" ind1=" " ind2=" ">
         <marc:subfield code="a">Text</marc:subfield>
         <marc:subfield code="b">txt</marc:subfield>
         <marc:subfield code="2">rdacontent</marc:subfield>
      </marc:datafield>
      <marc:datafield tag="337" ind1=" " ind2=" ">
         <marc:subfield code="a">ohne Hilfsmittel zu benutzen</marc:subfield>
         <marc:subfield code="b">n</marc:subfield>
         <marc:subfield code="2">rdamedia</marc:subfield>
      </marc:datafield>
      <marc:datafield tag="338" ind1=" " ind2=" ">
         <marc:subfield code="a">Band</marc:subfield>
         <marc:subfield code="b">nc</marc:subfield>
         <marc:subfield code="2">rdacarrier</marc:subfield>
      </marc:datafield>
      <marc:datafield tag="500" ind1=" " ind2=" ">
         <marc:subfield code="a">Literaturverz. S. [151] - 164</marc:subfield>
      </marc:datafield>
      <marc:datafield tag="591" ind1=" " ind2=" ">
         <marc:subfield code="a">toczbw (GBV). - 720:L1UB ; IMD-Felder und 1131 maschinell ergänzt (SWB)</marc:subfield>
      </marc:datafield>
      <marc:datafield tag="650" ind1=" " ind2="7">
         <marc:subfield code="8">1.1\x</marc:subfield>
         <marc:subfield code="a">Öffentliche Sozialleistungen</marc:subfield>
         <marc:subfield code="0">(DE-627)091390230</marc:subfield>
         <marc:subfield code="0">(DE-STW)11569-3</marc:subfield>
         <marc:subfield code="2">stw</marc:subfield>
      </marc:datafield>
      <marc:datafield tag="650" ind1=" " ind2="7">
         <marc:subfield code="8">1.2\x</marc:subfield>
         <marc:subfield code="a">Ökonomische Ideengeschichte</marc:subfield>
         <marc:subfield code="0">(DE-627)091355249</marc:subfield>
         <marc:subfield code="0">(DE-STW)16745-5</marc:subfield>
         <marc:subfield code="2">stw</marc:subfield>
      </marc:datafield>
      <marc:datafield tag="650" ind1=" " ind2="7">
         <marc:subfield code="8">1.3\x</marc:subfield>
         <marc:subfield code="a">Armutsbekämpfung</marc:subfield>
         <marc:subfield code="0">(DE-627)091348064</marc:subfield>
         <marc:subfield code="0">(DE-STW)16533-6</marc:subfield>
         <marc:subfield code="2">stw</marc:subfield>
      </marc:datafield>
      <marc:datafield tag="650" ind1=" " ind2="7">
         <marc:subfield code="8">1.4\x</marc:subfield>
         <marc:subfield code="a">Geschichte</marc:subfield>
         <marc:subfield code="0">(DE-627)09136311X</marc:subfield>
         <marc:subfield code="0">(DE-STW)15690-2</marc:subfield>
         <marc:subfield code="2">stw</marc:subfield>
      </marc:datafield>
      <marc:datafield tag="650" ind1=" " ind2="7">
         <marc:subfield code="8">1.5\x</marc:subfield>
         <marc:subfield code="a">Interessenpolitik</marc:subfield>
         <marc:subfield code="0">(DE-627)091368081</marc:subfield>
         <marc:subfield code="0">(DE-STW)10968-1</marc:subfield>
         <marc:subfield code="2">stw</marc:subfield>
      </marc:datafield>
      <marc:datafield tag="650" ind1=" " ind2="7">
         <marc:subfield code="8">1.6\x</marc:subfield>
         <marc:subfield code="a">Frankreich</marc:subfield>
         <marc:subfield code="0">(DE-627)091361060</marc:subfield>
         <marc:subfield code="0">(DE-STW)17255-3</marc:subfield>
         <marc:subfield code="2">stw</marc:subfield>
      </marc:datafield>
      <marc:datafield tag="650" ind1=" " ind2="7">
         <marc:subfield code="8">1.7\x</marc:subfield>
         <marc:subfield code="a">Welt</marc:subfield>
         <marc:subfield code="0">(DE-627)09140004X</marc:subfield>
         <marc:subfield code="0">(DE-STW)16809-5</marc:subfield>
         <marc:subfield code="2">stw</marc:subfield>
      </marc:datafield>
      <marc:datafield tag="650" ind1=" " ind2="7">
         <marc:subfield code="8">1.8\x</marc:subfield>
         <marc:subfield code="a">Deutschland</marc:subfield>
         <marc:subfield code="0">(DE-627)091354749</marc:subfield>
         <marc:subfield code="0">(DE-STW)18012-3</marc:subfield>
         <marc:subfield code="2">stw</marc:subfield>
      </marc:datafield>
      <marc:datafield tag="650" ind1=" " ind2="7">
         <marc:subfield code="8">1.9\x</marc:subfield>
         <marc:subfield code="a">Belgien</marc:subfield>
         <marc:subfield code="0">(DE-627)091350212</marc:subfield>
         <marc:subfield code="0">(DE-STW)17201-5</marc:subfield>
         <marc:subfield code="2">stw</marc:subfield>
      </marc:datafield>
      <marc:datafield tag="650" ind1=" " ind2="4">
         <marc:subfield code="a">Sozialpolitik</marc:subfield>
      </marc:datafield>
      <marc:datafield tag="650" ind1=" " ind2="4">
         <marc:subfield code="a">Soziale Sicherung</marc:subfield>
      </marc:datafield>
      <marc:datafield tag="650" ind1=" " ind2="4">
         <marc:subfield code="a">Mindesteinkommen</marc:subfield>
      </marc:datafield>
      <marc:datafield tag="650" ind1=" " ind2="4">
         <marc:subfield code="a">Grundeinkommen</marc:subfield>
      </marc:datafield>
      <marc:datafield tag="650" ind1=" " ind2="4">
         <marc:subfield code="a">Gerechtigkeit</marc:subfield>
      </marc:datafield>
      <marc:datafield tag="650" ind1=" " ind2="4">
         <marc:subfield code="a">Armutsbekämpfung</marc:subfield>
      </marc:datafield>
      <marc:datafield tag="650" ind1=" " ind2="4">
         <marc:subfield code="a">Garantiertes Mindesteinkommen</marc:subfield>
      </marc:datafield>
      <marc:datafield tag="650" ind1=" " ind2="4">
         <marc:subfield code="a">Konzeption</marc:subfield>
      </marc:datafield>
      <marc:datafield tag="650" ind1=" " ind2="4">
         <marc:subfield code="a">Aufsatzsammlung</marc:subfield>
      </marc:datafield>
      <marc:datafield tag="650" ind1=" " ind2="4">
         <marc:subfield code="a">Garantiertes Mindesteinkommen</marc:subfield>
      </marc:datafield>
      <marc:datafield tag="650" ind1=" " ind2="4">
         <marc:subfield code="a">Konzeption</marc:subfield>
      </marc:datafield>
      <marc:datafield tag="650" ind1=" " ind2="4">
         <marc:subfield code="a">Geschichte</marc:subfield>
      </marc:datafield>
      <marc:datafield tag="650" ind1=" " ind2="4">
         <marc:subfield code="a">Aufsatzsammlung</marc:subfield>
      </marc:datafield>
      <marc:datafield tag="655" ind1=" " ind2="7">
         <marc:subfield code="a">Aufsatzsammlung</marc:subfield>
         <marc:subfield code="0">(DE-588)4143413-4</marc:subfield>
         <marc:subfield code="0">(DE-627)105605727</marc:subfield>
         <marc:subfield code="0">(DE-576)209726091</marc:subfield>
         <marc:subfield code="2">gnd-content</marc:subfield>
      </marc:datafield>
      <marc:datafield tag="689" ind1="0" ind2="0">
         <marc:subfield code="D">s</marc:subfield>
         <marc:subfield code="0">(DE-588)4123252-5</marc:subfield>
         <marc:subfield code="0">(DE-627)105756520</marc:subfield>
         <marc:subfield code="0">(DE-576)209558148</marc:subfield>
         <marc:subfield code="a">Garantiertes Mindesteinkommen</marc:subfield>
         <marc:subfield code="2">gnd</marc:subfield>
      </marc:datafield>
      <marc:datafield tag="689" ind1="0" ind2="1">
         <marc:subfield code="D">s</marc:subfield>
         <marc:subfield code="0">(DE-588)4204973-8</marc:subfield>
         <marc:subfield code="0">(DE-627)105139254</marc:subfield>
         <marc:subfield code="0">(DE-576)210165766</marc:subfield>
         <marc:subfield code="a">Konzeption</marc:subfield>
         <marc:subfield code="2">gnd</marc:subfield>
      </marc:datafield>
      <marc:datafield tag="689" ind1="0" ind2="2">
         <marc:subfield code="A">z</marc:subfield>
         <marc:subfield code="2">gnd</marc:subfield>
         <marc:subfield code="a">Geschichte</marc:subfield>
      </marc:datafield>
      <marc:datafield tag="689" ind1="0" ind2=" ">
         <marc:subfield code="5">DE-101</marc:subfield>
      </marc:datafield>
      <marc:datafield tag="700" ind1="1" ind2=" ">
         <marc:subfield code="a">Parijs, Philippe van</marc:subfield>
         <marc:subfield code="d">1951-</marc:subfield>
         <marc:subfield code="0">(DE-588)124104150</marc:subfield>
         <marc:subfield code="0">(DE-627)085640158</marc:subfield>
         <marc:subfield code="0">(DE-576)163395543</marc:subfield>
         <marc:subfield code="4">aut</marc:subfield>
      </marc:datafield>
      <marc:datafield tag="700" ind1="1" ind2="2">
         <marc:subfield code="a">Vanderborght, Yannick</marc:subfield>
         <marc:subfield code="t">L'@allocation universelle &lt;dt.&gt;</marc:subfield>
      </marc:datafield>
      <marc:datafield tag="856" ind1="4" ind2="2">
         <marc:subfield code="u">http://bvbr.bib-bvb.de:8991/F?func=service&amp;doc_library=BVB01&amp;doc_number=013327211&amp;line_number=0001&amp;func_code=DB_RECORDS&amp;service_type=MEDIA</marc:subfield>
         <marc:subfield code="m">V:DE-604</marc:subfield>
         <marc:subfield code="q">application/pdf</marc:subfield>
         <marc:subfield code="v">20090731000000</marc:subfield>
         <marc:subfield code="3">Klappentext</marc:subfield>
      </marc:datafield>
      <marc:datafield tag="856" ind1="4" ind2="2">
         <marc:subfield code="u">http://swbplus.bsz-bw.de/bsz117855502inh.htm</marc:subfield>
         <marc:subfield code="m">V:DE-576</marc:subfield>
         <marc:subfield code="q">application/pdf</marc:subfield>
         <marc:subfield code="3">Inhaltsverzeichnis</marc:subfield>
      </marc:datafield>
      <marc:datafield tag="856" ind1="4" ind2="2">
         <marc:subfield code="u">http://swbplus.bsz-bw.de/bsz117855502vlg.htm</marc:subfield>
         <marc:subfield code="m">V:DE-576</marc:subfield>
         <marc:subfield code="q">application/pdf</marc:subfield>
         <marc:subfield code="3">Inhaltstext</marc:subfield>
      </marc:datafield>
      <marc:datafield tag="935" ind1=" " ind2=" ">
         <marc:subfield code="a">mteo</marc:subfield>
      </marc:datafield>
      <marc:datafield tag="935" ind1=" " ind2=" ">
         <marc:subfield code="i">sf</marc:subfield>
      </marc:datafield>
      <marc:datafield tag="935" ind1=" " ind2=" ">
         <marc:subfield code="i">Blocktest</marc:subfield>
      </marc:datafield>
      <marc:datafield tag="936" ind1="r" ind2="v">
         <marc:subfield code="a">MS 4800</marc:subfield>
         <marc:subfield code="b">Allgemeine Theorie und Gesamtdarstellungen</marc:subfield>
         <marc:subfield code="k">Soziologie</marc:subfield>
         <marc:subfield code="k">Spezielle Soziologien</marc:subfield>
         <marc:subfield code="k">Wirtschafts-, Industrie- und Techniksoziologie</marc:subfield>
         <marc:subfield code="k">Allgemeine Theorie und Gesamtdarstellungen</marc:subfield>
         <marc:subfield code="0">(DE-627)1270883968</marc:subfield>
         <marc:subfield code="0">(DE-625)rvk/123718:</marc:subfield>
         <marc:subfield code="0">(DE-576)200883968</marc:subfield>
      </marc:datafield>
      <marc:datafield tag="936" ind1="r" ind2="v">
         <marc:subfield code="a">QV 350</marc:subfield>
         <marc:subfield code="b">Lohn- und Arbeitszeitpolitik. Arbeitsschutz</marc:subfield>
         <marc:subfield code="k">Wirtschaftswissenschaften</marc:subfield>
         <marc:subfield code="k">Arbeitnehmerfragen (Labor Economics)</marc:subfield>
         <marc:subfield code="k">Löhne und Arbeitszeit</marc:subfield>
         <marc:subfield code="k">Lohn- und Arbeitszeitpolitik. Arbeitsschutz</marc:subfield>
         <marc:subfield code="0">(DE-627)127087702X</marc:subfield>
         <marc:subfield code="0">(DE-625)rvk/142150:</marc:subfield>
         <marc:subfield code="0">(DE-576)20087702X</marc:subfield>
      </marc:datafield>
      <marc:datafield tag="936" ind1="r" ind2="v">
         <marc:subfield code="a">MS 6500</marc:subfield>
         <marc:subfield code="b">Sozialpolitik, Sozialstaat</marc:subfield>
         <marc:subfield code="k">Soziologie</marc:subfield>
         <marc:subfield code="k">Spezielle Soziologien</marc:subfield>
         <marc:subfield code="k">Sozialpolitik, Sozialstaat</marc:subfield>
         <marc:subfield code="0">(DE-627)1271068826</marc:subfield>
         <marc:subfield code="0">(DE-625)rvk/123757:</marc:subfield>
         <marc:subfield code="0">(DE-576)201068826</marc:subfield>
      </marc:datafield>
      <marc:datafield tag="936" ind1="r" ind2="v">
         <marc:subfield code="a">QX 000</marc:subfield>
         <marc:subfield code="b">Allgemeines. Soziale Sicherheit</marc:subfield>
         <marc:subfield code="k">Wirtschaftswissenschaften</marc:subfield>
         <marc:subfield code="k">Sozialpolitik. Gesundheitswesen. Bildungsökonomie</marc:subfield>
         <marc:subfield code="k">Allgemeines. Soziale Sicherheit</marc:subfield>
         <marc:subfield code="0">(DE-627)1271265311</marc:subfield>
         <marc:subfield code="0">(DE-625)rvk/142178:</marc:subfield>
         <marc:subfield code="0">(DE-576)201265311</marc:subfield>
      </marc:datafield>
      <marc:datafield tag="936" ind1="r" ind2="v">
         <marc:subfield code="a">QC 200</marc:subfield>
         <marc:subfield code="b">Allgemeines</marc:subfield>
         <marc:subfield code="k">Wirtschaftswissenschaften</marc:subfield>
         <marc:subfield code="k">Wirtschaftstheorie, einschließlich Geldtheorie</marc:subfield>
         <marc:subfield code="k">Wert-, Preis- und Allokationstheorie</marc:subfield>
         <marc:subfield code="k">Produktionsfaktoren und Verteilungsquoten</marc:subfield>
         <marc:subfield code="k">Allgemeines</marc:subfield>
         <marc:subfield code="0">(DE-627)1270877046</marc:subfield>
         <marc:subfield code="0">(DE-625)rvk/141259:</marc:subfield>
         <marc:subfield code="0">(DE-576)200877046</marc:subfield>
      </marc:datafield>
      <marc:datafield tag="936" ind1="r" ind2="v">
         <marc:subfield code="a">PQ 2100</marc:subfield>
         <marc:subfield code="b">Komplexe Untersuchungen, Querschnittsfragen</marc:subfield>
         <marc:subfield code="k">Rechtswissenschaft</marc:subfield>
         <marc:subfield code="k">Sozialrecht</marc:subfield>
         <marc:subfield code="k">Allgemeines</marc:subfield>
         <marc:subfield code="k">Komplexe Untersuchungen, Querschnittsfragen</marc:subfield>
         <marc:subfield code="0">(DE-627)1377787419</marc:subfield>
         <marc:subfield code="0">(DE-625)rvk/139231:</marc:subfield>
         <marc:subfield code="0">(DE-576)307787419</marc:subfield>
      </marc:datafield>
      <marc:datafield tag="936" ind1="r" ind2="v">
         <marc:subfield code="a">PL 384</marc:subfield>
         <marc:subfield code="b">Sozialstaat</marc:subfield>
         <marc:subfield code="k">Rechtswissenschaft</marc:subfield>
         <marc:subfield code="k">Staatsrecht und Verfassungsgeschichte</marc:subfield>
         <marc:subfield code="k">Staatsrecht und Verfassungsrecht</marc:subfield>
         <marc:subfield code="k">Das Staatsrecht der Bundesrepublik Deutschland</marc:subfield>
         <marc:subfield code="k">Staatsform</marc:subfield>
         <marc:subfield code="k">Sozialstaat</marc:subfield>
         <marc:subfield code="0">(DE-627)1271267195</marc:subfield>
         <marc:subfield code="0">(DE-625)rvk/136986:</marc:subfield>
         <marc:subfield code="0">(DE-576)201267195</marc:subfield>
      </marc:datafield>
      <marc:datafield tag="936" ind1="b" ind2="k">
         <marc:subfield code="a">83.14</marc:subfield>
         <marc:subfield code="j">Einkommen</marc:subfield>
         <marc:subfield code="j">Beschäftigung</marc:subfield>
         <marc:subfield code="j">Arbeitsmarkt</marc:subfield>
         <marc:subfield code="0">(DE-627)106416340</marc:subfield>
      </marc:datafield>
      <marc:datafield tag="936" ind1="b" ind2="k">
         <marc:subfield code="a">71.85</marc:subfield>
         <marc:subfield code="j">Soziale Sicherheit</marc:subfield>
         <marc:subfield code="0">(DE-627)181571234</marc:subfield>
      </marc:datafield>
      <marc:datafield tag="936" ind1="b" ind2="k">
         <marc:subfield code="a">08.45</marc:subfield>
         <marc:subfield code="j">Politische Philosophie</marc:subfield>
         <marc:subfield code="0">(DE-627)10640301X</marc:subfield>
      </marc:datafield>
      <marc:datafield tag="936" ind1="b" ind2="k">
         <marc:subfield code="a">08.44</marc:subfield>
         <marc:subfield code="j">Sozialphilosophie</marc:subfield>
         <marc:subfield code="0">(DE-627)106402676</marc:subfield>
      </marc:datafield>
      <marc:datafield tag="951" ind1=" " ind2=" ">
         <marc:subfield code="a">BO</marc:subfield>
      </marc:datafield>
   </marc:record>