
   <marc:record>
      <marc:leader>     cam a22        4500</marc:leader>
      <marc:controlfield tag="001">120748827</marc:controlfield>
      <marc:controlfield tag="003">DE-576</marc:controlfield>
      <marc:controlfield tag="005">20210615164306.0</marc:controlfield>
      <marc:controlfield tag="007">tu</marc:controlfield>
      <marc:controlfield tag="008">050511s2005    gw |||||      00| ||ger c</marc:controlfield>
      <marc:datafield tag="015" ind1=" " ind2=" ">
         <marc:subfield code="a">05,N21,0495</marc:subfield>
         <marc:subfield code="2">dnb</marc:subfield>
      </marc:datafield>
      <marc:datafield tag="016" ind1="7" ind2=" ">
         <marc:subfield code="a">974663611</marc:subfield>
         <marc:subfield code="2">DE-101</marc:subfield>
      </marc:datafield>
      <marc:datafield tag="020" ind1=" " ind2=" ">
         <marc:subfield code="a">9783593378558</marc:subfield>
         <marc:subfield code="c"> : kt. : EUR-D 29.90, EUR-AT 30.80</marc:subfield>
         <marc:subfield code="9">978-3-593-37855-8</marc:subfield>
      </marc:datafield>
      <marc:datafield tag="020" ind1=" " ind2=" ">
         <marc:subfield code="a">3593378558</marc:subfield>
         <marc:subfield code="c">kart. : EUR 29,90 (DE), EUR 30.80 (AT), sfr 52.20</marc:subfield>
         <marc:subfield code="9">3-593-37855-8</marc:subfield>
      </marc:datafield>
      <marc:datafield tag="024" ind1="3" ind2=" ">
         <marc:subfield code="a">9783593378558</marc:subfield>
      </marc:datafield>
      <marc:datafield tag="035" ind1=" " ind2=" ">
         <marc:subfield code="a">(DE-627)486204553</marc:subfield>
      </marc:datafield>
      <marc:datafield tag="035" ind1=" " ind2=" ">
         <marc:subfield code="a">(DE-576)120748827</marc:subfield>
      </marc:datafield>
      <marc:datafield tag="035" ind1=" " ind2=" ">
         <marc:subfield code="a">(DE-599)DNB974663611</marc:subfield>
      </marc:datafield>
      <marc:datafield tag="035" ind1=" " ind2=" ">
         <marc:subfield code="a">(OCoLC)181451286</marc:subfield>
      </marc:datafield>
      <marc:datafield tag="035" ind1=" " ind2=" ">
         <marc:subfield code="a">(OCoLC)62363523</marc:subfield>
      </marc:datafield>
      <marc:datafield tag="035" ind1=" " ind2=" ">
         <marc:subfield code="a">(DE-605)HT014376538</marc:subfield>
      </marc:datafield>
      <marc:datafield tag="035" ind1=" " ind2=" ">
         <marc:subfield code="a">(AT-OBV)AC04662463</marc:subfield>
      </marc:datafield>
      <marc:datafield tag="040" ind1=" " ind2=" ">
         <marc:subfield code="a">DE-576</marc:subfield>
         <marc:subfield code="b">ger</marc:subfield>
         <marc:subfield code="c">DE-576</marc:subfield>
         <marc:subfield code="e">rakwb</marc:subfield>
      </marc:datafield>
      <marc:datafield tag="041" ind1=" " ind2=" ">
         <marc:subfield code="a">ger</marc:subfield>
      </marc:datafield>
      <marc:datafield tag="044" ind1=" " ind2=" ">
         <marc:subfield code="c">XA-DE</marc:subfield>
         <marc:subfield code="c">XD-US</marc:subfield>
      </marc:datafield>
      <marc:datafield tag="050" ind1=" " ind2="0">
         <marc:subfield code="a">JC330</marc:subfield>
      </marc:datafield>
      <marc:datafield tag="082" ind1="0" ind2=" ">
         <marc:subfield code="a">943.08</marc:subfield>
      </marc:datafield>
      <marc:datafield tag="082" ind1="0" ind2=" ">
         <marc:subfield code="a">306.20943</marc:subfield>
      </marc:datafield>
      <marc:datafield tag="082" ind1="0" ind2=" ">
         <marc:subfield code="a">320</marc:subfield>
      </marc:datafield>
      <marc:datafield tag="082" ind1="0" ind2=" ">
         <marc:subfield code="a">900</marc:subfield>
      </marc:datafield>
      <marc:datafield tag="082" ind1="0" ind2="4">
         <marc:subfield code="a">320</marc:subfield>
      </marc:datafield>
      <marc:datafield tag="082" ind1="0" ind2="4">
         <marc:subfield code="a">900</marc:subfield>
         <marc:subfield code="a">320</marc:subfield>
      </marc:datafield>
      <marc:datafield tag="084" ind1=" " ind2=" ">
         <marc:subfield code="a">320</marc:subfield>
         <marc:subfield code="2">sdnb</marc:subfield>
      </marc:datafield>
      <marc:datafield tag="084" ind1=" " ind2=" ">
         <marc:subfield code="a">8</marc:subfield>
         <marc:subfield code="2">ssgn</marc:subfield>
      </marc:datafield>
      <marc:datafield tag="084" ind1=" " ind2=" ">
         <marc:subfield code="a">MD 7480</marc:subfield>
         <marc:subfield code="2">rvk</marc:subfield>
         <marc:subfield code="0">(DE-625)rvk/122542:</marc:subfield>
      </marc:datafield>
      <marc:datafield tag="084" ind1=" " ind2=" ">
         <marc:subfield code="a">NN 1400</marc:subfield>
         <marc:subfield code="2">rvk</marc:subfield>
         <marc:subfield code="0">(DE-625)rvk/126552:</marc:subfield>
      </marc:datafield>
      <marc:datafield tag="084" ind1=" " ind2=" ">
         <marc:subfield code="a">NK 6700</marc:subfield>
         <marc:subfield code="2">rvk</marc:subfield>
         <marc:subfield code="0">(DE-625)rvk/126104:</marc:subfield>
      </marc:datafield>
      <marc:datafield tag="084" ind1=" " ind2=" ">
         <marc:subfield code="a">MS 4450</marc:subfield>
         <marc:subfield code="2">rvk</marc:subfield>
         <marc:subfield code="0">(DE-625)rvk/123703:</marc:subfield>
      </marc:datafield>
      <marc:datafield tag="084" ind1=" " ind2=" ">
         <marc:subfield code="a">89.00</marc:subfield>
         <marc:subfield code="2">bkl</marc:subfield>
      </marc:datafield>
      <marc:datafield tag="084" ind1=" " ind2=" ">
         <marc:subfield code="a">89.54</marc:subfield>
         <marc:subfield code="2">bkl</marc:subfield>
      </marc:datafield>
      <marc:datafield tag="084" ind1=" " ind2=" ">
         <marc:subfield code="a">15.43</marc:subfield>
         <marc:subfield code="2">bkl</marc:subfield>
      </marc:datafield>
      <marc:datafield tag="090" ind1=" " ind2=" ">
         <marc:subfield code="a">a</marc:subfield>
      </marc:datafield>
      <marc:datafield tag="245" ind1="1" ind2="4">
         <marc:subfield code="a">Die Sinnlichkeit der Macht</marc:subfield>
         <marc:subfield code="b">Herrschaft und Repräsentation seit der Frühen Neuzeit ; [Tagung ... im Rahmen des Bielefelder Sonderforschungsbereiches 584 am 14. und 15. November 2003 im Internationalen Begegnungszentrum (IBZ) der Universität Bielefeld]</marc:subfield>
         <marc:subfield code="c">Jan Andres, Alexa Geisthövel, Matthias Schwengelbeck (Hg.)</marc:subfield>
      </marc:datafield>
      <marc:datafield tag="263" ind1=" " ind2=" ">
         <marc:subfield code="a">Kt. : ca. EUR 29.90, ca. EUR 30.80 (AT), ca.</marc:subfield>
      </marc:datafield>
      <marc:datafield tag="264" ind1=" " ind2="1">
         <marc:subfield code="a">Frankfurt am Main [u.a.]</marc:subfield>
         <marc:subfield code="b">Campus-Verl.</marc:subfield>
         <marc:subfield code="c">c 2005</marc:subfield>
      </marc:datafield>
      <marc:datafield tag="300" ind1=" " ind2=" ">
         <marc:subfield code="a">230 S.</marc:subfield>
         <marc:subfield code="b">Ill.</marc:subfield>
      </marc:datafield>
      <marc:datafield tag="336" ind1=" " ind2=" ">
         <marc:subfield code="a">Text</marc:subfield>
         <marc:subfield code="b">txt</marc:subfield>
         <marc:subfield code="2">rdacontent</marc:subfield>
      </marc:datafield>
      <marc:datafield tag="337" ind1=" " ind2=" ">
         <marc:subfield code="a">ohne Hilfsmittel zu benutzen</marc:subfield>
         <marc:subfield code="b">n</marc:subfield>
         <marc:subfield code="2">rdamedia</marc:subfield>
      </marc:datafield>
      <marc:datafield tag="338" ind1=" " ind2=" ">
         <marc:subfield code="a">Band</marc:subfield>
         <marc:subfield code="b">nc</marc:subfield>
         <marc:subfield code="2">rdacarrier</marc:subfield>
      </marc:datafield>
      <marc:datafield tag="490" ind1="1" ind2=" ">
         <marc:subfield code="a">Historische Politikforschung</marc:subfield>
         <marc:subfield code="v">Bd. 5</marc:subfield>
      </marc:datafield>
      <marc:datafield tag="500" ind1=" " ind2=" ">
         <marc:subfield code="a">Tagungsdaten Der Einleitung S. 17 entnommen</marc:subfield>
      </marc:datafield>
      <marc:datafield tag="591" ind1=" " ind2=" ">
         <marc:subfield code="a">5090 ddsu,sred ; MD 7480:sphv/sred ; MS 4450,NK 6700:bvb ; IMD-Felder und 1131 maschinell ergänzt (SWB)</marc:subfield>
      </marc:datafield>
      <marc:datafield tag="650" ind1=" " ind2="0">
         <marc:subfield code="a">Power (Social sciences)</marc:subfield>
         <marc:subfield code="x">History</marc:subfield>
         <marc:subfield code="x">Germany</marc:subfield>
      </marc:datafield>
      <marc:datafield tag="650" ind1=" " ind2="0">
         <marc:subfield code="a">Power (Social sciences) in literature</marc:subfield>
      </marc:datafield>
      <marc:datafield tag="651" ind1=" " ind2="0">
         <marc:subfield code="a">Germany</marc:subfield>
         <marc:subfield code="x">Politics and government</marc:subfield>
      </marc:datafield>
      <marc:datafield tag="650" ind1=" " ind2="4">
         <marc:subfield code="a">Bielefeld &lt;2003&gt;</marc:subfield>
      </marc:datafield>
      <marc:datafield tag="655" ind1=" " ind2="7">
         <marc:subfield code="a">Konferenzschrift</marc:subfield>
         <marc:subfield code="0">(DE-588)1071861417</marc:subfield>
         <marc:subfield code="0">(DE-627)826484824</marc:subfield>
         <marc:subfield code="0">(DE-576)433375485</marc:subfield>
         <marc:subfield code="2">gnd-content</marc:subfield>
      </marc:datafield>
      <marc:datafield tag="655" ind1=" " ind2="7">
         <marc:subfield code="a">Aufsatzsammlung</marc:subfield>
         <marc:subfield code="0">(DE-588)4143413-4</marc:subfield>
         <marc:subfield code="0">(DE-627)105605727</marc:subfield>
         <marc:subfield code="0">(DE-576)209726091</marc:subfield>
         <marc:subfield code="2">gnd-content</marc:subfield>
      </marc:datafield>
      <marc:datafield tag="689" ind1="0" ind2="0">
         <marc:subfield code="D">g</marc:subfield>
         <marc:subfield code="0">(DE-588)4011882-4</marc:subfield>
         <marc:subfield code="0">(DE-627)104704861</marc:subfield>
         <marc:subfield code="0">(DE-576)208896155</marc:subfield>
         <marc:subfield code="a">Deutschland</marc:subfield>
         <marc:subfield code="2">gnd</marc:subfield>
      </marc:datafield>
      <marc:datafield tag="689" ind1="0" ind2="1">
         <marc:subfield code="D">s</marc:subfield>
         <marc:subfield code="0">(DE-588)4277311-8</marc:subfield>
         <marc:subfield code="0">(DE-627)104421460</marc:subfield>
         <marc:subfield code="0">(DE-576)21072580X</marc:subfield>
         <marc:subfield code="a">Symbolische Politik</marc:subfield>
         <marc:subfield code="2">gnd</marc:subfield>
      </marc:datafield>
      <marc:datafield tag="689" ind1="0" ind2="2">
         <marc:subfield code="D">s</marc:subfield>
         <marc:subfield code="0">(DE-588)4024596-2</marc:subfield>
         <marc:subfield code="0">(DE-627)104270667</marc:subfield>
         <marc:subfield code="0">(DE-576)208956298</marc:subfield>
         <marc:subfield code="a">Herrschaft</marc:subfield>
         <marc:subfield code="2">gnd</marc:subfield>
      </marc:datafield>
      <marc:datafield tag="689" ind1="0" ind2="3">
         <marc:subfield code="D">s</marc:subfield>
         <marc:subfield code="0">(DE-588)4398345-5</marc:subfield>
         <marc:subfield code="0">(DE-627)191674958</marc:subfield>
         <marc:subfield code="0">(DE-576)212026615</marc:subfield>
         <marc:subfield code="a">Repräsentation</marc:subfield>
         <marc:subfield code="g">Politik</marc:subfield>
         <marc:subfield code="2">gnd</marc:subfield>
      </marc:datafield>
      <marc:datafield tag="689" ind1="0" ind2="4">
         <marc:subfield code="A">z</marc:subfield>
         <marc:subfield code="2">gnd</marc:subfield>
         <marc:subfield code="a">Geschichte 1800-1970</marc:subfield>
      </marc:datafield>
      <marc:datafield tag="689" ind1="0" ind2=" ">
         <marc:subfield code="5">DE-101</marc:subfield>
      </marc:datafield>
      <marc:datafield tag="689" ind1="1" ind2="0">
         <marc:subfield code="D">g</marc:subfield>
         <marc:subfield code="0">(DE-588)4011882-4</marc:subfield>
         <marc:subfield code="0">(DE-627)104704861</marc:subfield>
         <marc:subfield code="0">(DE-576)208896155</marc:subfield>
         <marc:subfield code="a">Deutschland</marc:subfield>
         <marc:subfield code="2">gnd</marc:subfield>
      </marc:datafield>
      <marc:datafield tag="689" ind1="1" ind2="1">
         <marc:subfield code="D">s</marc:subfield>
         <marc:subfield code="0">(DE-588)4277311-8</marc:subfield>
         <marc:subfield code="0">(DE-627)104421460</marc:subfield>
         <marc:subfield code="0">(DE-576)21072580X</marc:subfield>
         <marc:subfield code="a">Symbolische Politik</marc:subfield>
         <marc:subfield code="2">gnd</marc:subfield>
      </marc:datafield>
      <marc:datafield tag="689" ind1="1" ind2="2">
         <marc:subfield code="D">s</marc:subfield>
         <marc:subfield code="0">(DE-588)4024596-2</marc:subfield>
         <marc:subfield code="0">(DE-627)104270667</marc:subfield>
         <marc:subfield code="0">(DE-576)208956298</marc:subfield>
         <marc:subfield code="a">Herrschaft</marc:subfield>
         <marc:subfield code="2">gnd</marc:subfield>
      </marc:datafield>
      <marc:datafield tag="689" ind1="1" ind2="3">
         <marc:subfield code="D">s</marc:subfield>
         <marc:subfield code="0">(DE-588)4398345-5</marc:subfield>
         <marc:subfield code="0">(DE-627)191674958</marc:subfield>
         <marc:subfield code="0">(DE-576)212026615</marc:subfield>
         <marc:subfield code="a">Repräsentation</marc:subfield>
         <marc:subfield code="g">Politik</marc:subfield>
         <marc:subfield code="2">gnd</marc:subfield>
      </marc:datafield>
      <marc:datafield tag="689" ind1="1" ind2="4">
         <marc:subfield code="A">z</marc:subfield>
         <marc:subfield code="2">gnd</marc:subfield>
         <marc:subfield code="a">Geschichte 1700-1970</marc:subfield>
      </marc:datafield>
      <marc:datafield tag="689" ind1="1" ind2=" ">
         <marc:subfield code="5">(DE-627)</marc:subfield>
      </marc:datafield>
      <marc:datafield tag="700" ind1="1" ind2=" ">
         <marc:subfield code="a">Andres, Jan</marc:subfield>
         <marc:subfield code="d">1975-</marc:subfield>
         <marc:subfield code="e">Hrsg.</marc:subfield>
         <marc:subfield code="0">(DE-588)130680486</marc:subfield>
         <marc:subfield code="0">(DE-627)507958136</marc:subfield>
         <marc:subfield code="0">(DE-576)298340526</marc:subfield>
         <marc:subfield code="4">edt</marc:subfield>
      </marc:datafield>
      <marc:datafield tag="700" ind1="1" ind2=" ">
         <marc:subfield code="a">Geisthövel, Alexa</marc:subfield>
         <marc:subfield code="d">1969-</marc:subfield>
         <marc:subfield code="e">Hrsg.</marc:subfield>
         <marc:subfield code="0">(DE-588)124931359</marc:subfield>
         <marc:subfield code="0">(DE-627)484975102</marc:subfield>
         <marc:subfield code="0">(DE-576)186314108</marc:subfield>
         <marc:subfield code="4">edt</marc:subfield>
      </marc:datafield>
      <marc:datafield tag="700" ind1="1" ind2=" ">
         <marc:subfield code="a">Schwengelbeck, Matthias</marc:subfield>
         <marc:subfield code="e">Hrsg.</marc:subfield>
         <marc:subfield code="0">(DE-588)107843610X</marc:subfield>
         <marc:subfield code="0">(DE-627)838716326</marc:subfield>
         <marc:subfield code="0">(DE-576)451496620</marc:subfield>
         <marc:subfield code="4">edt</marc:subfield>
      </marc:datafield>
      <marc:datafield tag="830" ind1=" " ind2="0">
         <marc:subfield code="a">Historische Politikforschung</marc:subfield>
         <marc:subfield code="v">5</marc:subfield>
         <marc:subfield code="9">5</marc:subfield>
         <marc:subfield code="w">(DE-627)487009746</marc:subfield>
         <marc:subfield code="w">(DE-576)115356290</marc:subfield>
         <marc:subfield code="w">(DE-600)2188512-6</marc:subfield>
         <marc:subfield code="x">2569-5371</marc:subfield>
      </marc:datafield>
      <marc:datafield tag="856" ind1="4" ind2="2">
         <marc:subfield code="u">http://swbplus.bsz-bw.de/bsz120748827vlg.htm</marc:subfield>
         <marc:subfield code="m">V:DE-576</marc:subfield>
         <marc:subfield code="q">text/html</marc:subfield>
         <marc:subfield code="3">Inhaltstext</marc:subfield>
      </marc:datafield>
      <marc:datafield tag="856" ind1="4" ind2="2">
         <marc:subfield code="u">http://swbplus.bsz-bw.de/bsz120748827inh.htm</marc:subfield>
         <marc:subfield code="m">V:DE-576</marc:subfield>
         <marc:subfield code="q">text/html</marc:subfield>
         <marc:subfield code="3">Inhaltsverzeichnis</marc:subfield>
      </marc:datafield>
      <marc:datafield tag="935" ind1=" " ind2=" ">
         <marc:subfield code="i">sf</marc:subfield>
      </marc:datafield>
      <marc:datafield tag="935" ind1=" " ind2=" ">
         <marc:subfield code="i">Blocktest</marc:subfield>
      </marc:datafield>
      <marc:datafield tag="936" ind1="r" ind2="v">
         <marc:subfield code="a">MD 7480</marc:subfield>
         <marc:subfield code="b">Politische Repräsentation</marc:subfield>
         <marc:subfield code="k">Politologie</marc:subfield>
         <marc:subfield code="k">Politische Theorie, Grundbegriffe des Politischen</marc:subfield>
         <marc:subfield code="k">Politische Entscheidungslehre</marc:subfield>
         <marc:subfield code="k">Politische Repräsentation</marc:subfield>
         <marc:subfield code="0">(DE-627)1270862405</marc:subfield>
         <marc:subfield code="0">(DE-625)rvk/122542:</marc:subfield>
         <marc:subfield code="0">(DE-576)200862405</marc:subfield>
      </marc:datafield>
      <marc:datafield tag="936" ind1="r" ind2="v">
         <marc:subfield code="a">NN 1400</marc:subfield>
         <marc:subfield code="b">Einzelbeiträge zur Geschichte des Gesamtzeitraumes</marc:subfield>
         <marc:subfield code="k">Geschichte</marc:subfield>
         <marc:subfield code="k">Neuere Geschichte</marc:subfield>
         <marc:subfield code="k">Neuere Geschichte insgesamt</marc:subfield>
         <marc:subfield code="k">Darstellungen</marc:subfield>
         <marc:subfield code="k">Einzelbeiträge zur Geschichte des Gesamtzeitraumes</marc:subfield>
         <marc:subfield code="0">(DE-627)1271297094</marc:subfield>
         <marc:subfield code="0">(DE-625)rvk/126552:</marc:subfield>
         <marc:subfield code="0">(DE-576)201297094</marc:subfield>
      </marc:datafield>
      <marc:datafield tag="936" ind1="r" ind2="v">
         <marc:subfield code="a">NK 6700</marc:subfield>
         <marc:subfield code="b">Allgemeines zur Ideengeschichte der politischen und sozialen Bewegungen und der politischen Parteien</marc:subfield>
         <marc:subfield code="k">Geschichte</marc:subfield>
         <marc:subfield code="k">Weltgeschichte, Darstellungen Allgemeine Geschichte einzelner Staaten und Völker Teilgebiete der Geschichte, Sammelwerke</marc:subfield>
         <marc:subfield code="k">Teilgebiete der Geschichte</marc:subfield>
         <marc:subfield code="k">Geschichte der politischen und sozialen Ideen und Bewegungen und der politischen Parteien</marc:subfield>
         <marc:subfield code="k">Allgemeines zur Ideengeschichte der politischen und sozialen Bewegungen und der politischen Parteien</marc:subfield>
         <marc:subfield code="0">(DE-627)1271457717</marc:subfield>
         <marc:subfield code="0">(DE-625)rvk/126104:</marc:subfield>
         <marc:subfield code="0">(DE-576)201457717</marc:subfield>
      </marc:datafield>
      <marc:datafield tag="936" ind1="r" ind2="v">
         <marc:subfield code="a">MS 4450</marc:subfield>
         <marc:subfield code="b">Herrschaft, Macht, Autorität, Gewalt</marc:subfield>
         <marc:subfield code="k">Soziologie</marc:subfield>
         <marc:subfield code="k">Spezielle Soziologien</marc:subfield>
         <marc:subfield code="k">Politische Soziologie</marc:subfield>
         <marc:subfield code="k">Herrschaft, Macht, Autorität, Gewalt</marc:subfield>
         <marc:subfield code="0">(DE-627)1271441128</marc:subfield>
         <marc:subfield code="0">(DE-625)rvk/123703:</marc:subfield>
         <marc:subfield code="0">(DE-576)201441128</marc:subfield>
      </marc:datafield>
      <marc:datafield tag="936" ind1="b" ind2="k">
         <marc:subfield code="a">89.00</marc:subfield>
         <marc:subfield code="j">Politologie: Allgemeines</marc:subfield>
         <marc:subfield code="0">(DE-627)106423576</marc:subfield>
      </marc:datafield>
      <marc:datafield tag="936" ind1="b" ind2="k">
         <marc:subfield code="a">89.54</marc:subfield>
         <marc:subfield code="j">Politischer Einfluß</marc:subfield>
         <marc:subfield code="0">(DE-627)106414151</marc:subfield>
      </marc:datafield>
      <marc:datafield tag="936" ind1="b" ind2="k">
         <marc:subfield code="a">15.43</marc:subfield>
         <marc:subfield code="j">Deutsche Geschichte des 19. Jahrhunderts bis zur Gegenwart</marc:subfield>
         <marc:subfield code="0">(DE-627)181569701</marc:subfield>
      </marc:datafield>
      <marc:datafield tag="951" ind1=" " ind2=" ">
         <marc:subfield code="a">BO</marc:subfield>
      </marc:datafield>
   </marc:record>