
   <marc:record>
      <marc:leader>     cam a22        4500</marc:leader>
      <marc:controlfield tag="001">118348124</marc:controlfield>
      <marc:controlfield tag="003">DE-576</marc:controlfield>
      <marc:controlfield tag="005">20210213135002.0</marc:controlfield>
      <marc:controlfield tag="007">tu</marc:controlfield>
      <marc:controlfield tag="008">041103s2006    gw ||||| m    00| ||ger c</marc:controlfield>
      <marc:datafield tag="015" ind1=" " ind2=" ">
         <marc:subfield code="a">04,N47,0430</marc:subfield>
         <marc:subfield code="2">dnb</marc:subfield>
      </marc:datafield>
      <marc:datafield tag="016" ind1="7" ind2=" ">
         <marc:subfield code="a">97252407X</marc:subfield>
         <marc:subfield code="2">DE-101</marc:subfield>
      </marc:datafield>
      <marc:datafield tag="020" ind1=" " ind2=" ">
         <marc:subfield code="a">393359894X</marc:subfield>
         <marc:subfield code="c">kt. : Eur 34.90 (D)</marc:subfield>
         <marc:subfield code="9">3-933598-94-X</marc:subfield>
      </marc:datafield>
      <marc:datafield tag="020" ind1=" " ind2=" ">
         <marc:subfield code="a">9783933598943</marc:subfield>
         <marc:subfield code="c"> : kt. : Eur 34.90 (D)</marc:subfield>
         <marc:subfield code="9">978-3-933598-94-3</marc:subfield>
      </marc:datafield>
      <marc:datafield tag="024" ind1="3" ind2=" ">
         <marc:subfield code="a">9783933598943</marc:subfield>
      </marc:datafield>
      <marc:datafield tag="035" ind1=" " ind2=" ">
         <marc:subfield code="a">(DE-627)47061157X</marc:subfield>
      </marc:datafield>
      <marc:datafield tag="035" ind1=" " ind2=" ">
         <marc:subfield code="a">(DE-576)118348124</marc:subfield>
      </marc:datafield>
      <marc:datafield tag="035" ind1=" " ind2=" ">
         <marc:subfield code="a">(DE-599)DNB97252407X</marc:subfield>
      </marc:datafield>
      <marc:datafield tag="035" ind1=" " ind2=" ">
         <marc:subfield code="a">(OCoLC)219494063</marc:subfield>
      </marc:datafield>
      <marc:datafield tag="035" ind1=" " ind2=" ">
         <marc:subfield code="a">(OCoLC)77481753</marc:subfield>
      </marc:datafield>
      <marc:datafield tag="035" ind1=" " ind2=" ">
         <marc:subfield code="a">(OCoLC)180884935</marc:subfield>
      </marc:datafield>
      <marc:datafield tag="035" ind1=" " ind2=" ">
         <marc:subfield code="a">(AT-OBV)AC05907270</marc:subfield>
      </marc:datafield>
      <marc:datafield tag="035" ind1=" " ind2=" ">
         <marc:subfield code="a">(DE-604)BV019592971</marc:subfield>
      </marc:datafield>
      <marc:datafield tag="040" ind1=" " ind2=" ">
         <marc:subfield code="a">DE-576</marc:subfield>
         <marc:subfield code="b">ger</marc:subfield>
         <marc:subfield code="c">DE-576</marc:subfield>
         <marc:subfield code="e">rakwb</marc:subfield>
      </marc:datafield>
      <marc:datafield tag="041" ind1=" " ind2=" ">
         <marc:subfield code="a">ger</marc:subfield>
      </marc:datafield>
      <marc:datafield tag="044" ind1=" " ind2=" ">
         <marc:subfield code="c">XA-DE-SH</marc:subfield>
      </marc:datafield>
      <marc:datafield tag="050" ind1=" " ind2="0">
         <marc:subfield code="a">GT4850.D74</marc:subfield>
      </marc:datafield>
      <marc:datafield tag="082" ind1="0" ind2=" ">
         <marc:subfield code="a">390</marc:subfield>
         <marc:subfield code="a">390</marc:subfield>
      </marc:datafield>
      <marc:datafield tag="082" ind1="0" ind2=" ">
         <marc:subfield code="a">390</marc:subfield>
      </marc:datafield>
      <marc:datafield tag="082" ind1="0" ind2=" ">
         <marc:subfield code="a">394.40943214209032</marc:subfield>
      </marc:datafield>
      <marc:datafield tag="082" ind1="0" ind2="4">
         <marc:subfield code="a">390</marc:subfield>
         <marc:subfield code="a">943</marc:subfield>
      </marc:datafield>
      <marc:datafield tag="082" ind1="0" ind2="4">
         <marc:subfield code="a">390</marc:subfield>
      </marc:datafield>
      <marc:datafield tag="084" ind1=" " ind2=" ">
         <marc:subfield code="a">9,10</marc:subfield>
         <marc:subfield code="2">ssgn</marc:subfield>
      </marc:datafield>
      <marc:datafield tag="084" ind1=" " ind2=" ">
         <marc:subfield code="a">G:dd S:cg Z:32</marc:subfield>
         <marc:subfield code="2">rvk</marc:subfield>
      </marc:datafield>
      <marc:datafield tag="084" ind1=" " ind2=" ">
         <marc:subfield code="a">LH 90220</marc:subfield>
         <marc:subfield code="q">BVB</marc:subfield>
         <marc:subfield code="2">rvk</marc:subfield>
         <marc:subfield code="0">(DE-625)rvk/95409:</marc:subfield>
      </marc:datafield>
      <marc:datafield tag="084" ind1=" " ind2=" ">
         <marc:subfield code="a">LK 24094</marc:subfield>
         <marc:subfield code="q">BVB</marc:subfield>
         <marc:subfield code="2">rvk</marc:subfield>
         <marc:subfield code="0">(DE-625)rvk/97692:13315</marc:subfield>
      </marc:datafield>
      <marc:datafield tag="084" ind1=" " ind2=" ">
         <marc:subfield code="a">NN 5660</marc:subfield>
         <marc:subfield code="q">BVB</marc:subfield>
         <marc:subfield code="2">rvk</marc:subfield>
         <marc:subfield code="0">(DE-625)rvk/127011:</marc:subfield>
      </marc:datafield>
      <marc:datafield tag="084" ind1=" " ind2=" ">
         <marc:subfield code="a">AP 64700</marc:subfield>
         <marc:subfield code="q">BVB</marc:subfield>
         <marc:subfield code="2">rvk</marc:subfield>
         <marc:subfield code="0">(DE-625)rvk/7833:</marc:subfield>
      </marc:datafield>
      <marc:datafield tag="084" ind1=" " ind2=" ">
         <marc:subfield code="a">LK 10785</marc:subfield>
         <marc:subfield code="2">rvk</marc:subfield>
         <marc:subfield code="0">(DE-625)rvk/97526:7</marc:subfield>
      </marc:datafield>
      <marc:datafield tag="084" ind1=" " ind2=" ">
         <marc:subfield code="a">NZ 12340</marc:subfield>
         <marc:subfield code="2">rvk</marc:subfield>
         <marc:subfield code="0">(DE-625)rvk/132491:</marc:subfield>
      </marc:datafield>
      <marc:datafield tag="084" ind1=" " ind2=" ">
         <marc:subfield code="a">NR 6540</marc:subfield>
         <marc:subfield code="2">rvk</marc:subfield>
         <marc:subfield code="0">(DE-625)rvk/129607:</marc:subfield>
      </marc:datafield>
      <marc:datafield tag="084" ind1=" " ind2=" ">
         <marc:subfield code="a">LK 24085</marc:subfield>
         <marc:subfield code="2">rvk</marc:subfield>
         <marc:subfield code="0">(DE-625)rvk/97692:13305</marc:subfield>
      </marc:datafield>
      <marc:datafield tag="084" ind1=" " ind2=" ">
         <marc:subfield code="a">15.07</marc:subfield>
         <marc:subfield code="2">bkl</marc:subfield>
      </marc:datafield>
      <marc:datafield tag="084" ind1=" " ind2=" ">
         <marc:subfield code="a">15.48</marc:subfield>
         <marc:subfield code="2">bkl</marc:subfield>
      </marc:datafield>
      <marc:datafield tag="084" ind1=" " ind2=" ">
         <marc:subfield code="a">20.24</marc:subfield>
         <marc:subfield code="2">bkl</marc:subfield>
      </marc:datafield>
      <marc:datafield tag="084" ind1=" " ind2=" ">
         <marc:subfield code="a">24.62</marc:subfield>
         <marc:subfield code="2">bkl</marc:subfield>
      </marc:datafield>
      <marc:datafield tag="084" ind1=" " ind2=" ">
         <marc:subfield code="a">76.61</marc:subfield>
         <marc:subfield code="2">bkl</marc:subfield>
      </marc:datafield>
      <marc:datafield tag="090" ind1=" " ind2=" ">
         <marc:subfield code="a">a</marc:subfield>
      </marc:datafield>
      <marc:datafield tag="100" ind1="1" ind2=" ">
         <marc:subfield code="a">Deppe, Uta</marc:subfield>
         <marc:subfield code="d">1964-</marc:subfield>
         <marc:subfield code="0">(DE-588)133122751</marc:subfield>
         <marc:subfield code="0">(DE-627)534962319</marc:subfield>
         <marc:subfield code="0">(DE-576)260678961</marc:subfield>
         <marc:subfield code="4">aut</marc:subfield>
      </marc:datafield>
      <marc:datafield tag="245" ind1="1" ind2="4">
         <marc:subfield code="a">Die Festkultur am Dresdner Hofe Johann Georgs II. von Sachsen (1660 - 1679)</marc:subfield>
         <marc:subfield code="c">Uta Deppe</marc:subfield>
      </marc:datafield>
      <marc:datafield tag="246" ind1="3" ind2="0">
         <marc:subfield code="a">zweiten</marc:subfield>
      </marc:datafield>
      <marc:datafield tag="263" ind1=" " ind2=" ">
         <marc:subfield code="a">ca. EUR 34.90</marc:subfield>
      </marc:datafield>
      <marc:datafield tag="264" ind1=" " ind2="1">
         <marc:subfield code="a">Kiel</marc:subfield>
         <marc:subfield code="b">Ludwig</marc:subfield>
         <marc:subfield code="c">2006</marc:subfield>
      </marc:datafield>
      <marc:datafield tag="300" ind1=" " ind2=" ">
         <marc:subfield code="a">483 S.</marc:subfield>
         <marc:subfield code="b">Ill.</marc:subfield>
         <marc:subfield code="c">230 mm x 158 mm</marc:subfield>
      </marc:datafield>
      <marc:datafield tag="336" ind1=" " ind2=" ">
         <marc:subfield code="a">Text</marc:subfield>
         <marc:subfield code="b">txt</marc:subfield>
         <marc:subfield code="2">rdacontent</marc:subfield>
      </marc:datafield>
      <marc:datafield tag="337" ind1=" " ind2=" ">
         <marc:subfield code="a">ohne Hilfsmittel zu benutzen</marc:subfield>
         <marc:subfield code="b">n</marc:subfield>
         <marc:subfield code="2">rdamedia</marc:subfield>
      </marc:datafield>
      <marc:datafield tag="338" ind1=" " ind2=" ">
         <marc:subfield code="a">Band</marc:subfield>
         <marc:subfield code="b">nc</marc:subfield>
         <marc:subfield code="2">rdacarrier</marc:subfield>
      </marc:datafield>
      <marc:datafield tag="490" ind1="1" ind2=" ">
         <marc:subfield code="a">Bau + Kunst</marc:subfield>
         <marc:subfield code="v">13</marc:subfield>
      </marc:datafield>
      <marc:datafield tag="502" ind1=" " ind2=" ">
         <marc:subfield code="a">Zugl.: Kiel, Univ., Diss., 2002</marc:subfield>
      </marc:datafield>
      <marc:datafield tag="591" ind1=" " ind2=" ">
         <marc:subfield code="a">5550: HDUB/s68 LK 24085, LK 10785:L1UB ; 5090,5550 ddsu/sred ; IMD-Felder und 1131 maschinell ergänzt (SWB)</marc:subfield>
      </marc:datafield>
      <marc:datafield tag="600" ind1="1" ind2="0">
         <marc:subfield code="a">Johann Georg</marc:subfield>
         <marc:subfield code="b">II</marc:subfield>
         <marc:subfield code="c">Elector of Saxony</marc:subfield>
         <marc:subfield code="d">1613-1680</marc:subfield>
      </marc:datafield>
      <marc:datafield tag="650" ind1=" " ind2="0">
         <marc:subfield code="a">Festivals</marc:subfield>
         <marc:subfield code="z">Germany</marc:subfield>
         <marc:subfield code="z">Dresden</marc:subfield>
         <marc:subfield code="x">History</marc:subfield>
         <marc:subfield code="y">17th century</marc:subfield>
      </marc:datafield>
      <marc:datafield tag="650" ind1=" " ind2="0">
         <marc:subfield code="a">Pageants</marc:subfield>
         <marc:subfield code="z">Germany</marc:subfield>
         <marc:subfield code="z">Dresden</marc:subfield>
         <marc:subfield code="x">History</marc:subfield>
         <marc:subfield code="y">17th century</marc:subfield>
      </marc:datafield>
      <marc:datafield tag="650" ind1=" " ind2="0">
         <marc:subfield code="a">Rites and ceremonies</marc:subfield>
         <marc:subfield code="z">Germany</marc:subfield>
         <marc:subfield code="z">Dresden</marc:subfield>
         <marc:subfield code="x">History</marc:subfield>
         <marc:subfield code="y">17th century</marc:subfield>
      </marc:datafield>
      <marc:datafield tag="650" ind1=" " ind2="0">
         <marc:subfield code="a">Processions</marc:subfield>
         <marc:subfield code="z">Germany</marc:subfield>
         <marc:subfield code="z">Dresden</marc:subfield>
         <marc:subfield code="x">History</marc:subfield>
         <marc:subfield code="y">17th century</marc:subfield>
      </marc:datafield>
      <marc:datafield tag="650" ind1=" " ind2="0">
         <marc:subfield code="a">Aristocracy (Social class)</marc:subfield>
         <marc:subfield code="z">Germany</marc:subfield>
         <marc:subfield code="z">Dresden</marc:subfield>
         <marc:subfield code="x">Social life and customs</marc:subfield>
         <marc:subfield code="y">17th century</marc:subfield>
      </marc:datafield>
      <marc:datafield tag="651" ind1=" " ind2="0">
         <marc:subfield code="a">Dresden (Germany)</marc:subfield>
         <marc:subfield code="x">Court and courtiers</marc:subfield>
         <marc:subfield code="x">History</marc:subfield>
         <marc:subfield code="y">17th century</marc:subfield>
      </marc:datafield>
      <marc:datafield tag="651" ind1=" " ind2="0">
         <marc:subfield code="a">Dresden (Germany)</marc:subfield>
         <marc:subfield code="x">Social life and customs</marc:subfield>
         <marc:subfield code="y">17th century</marc:subfield>
      </marc:datafield>
      <marc:datafield tag="655" ind1=" " ind2="7">
         <marc:subfield code="a">Hochschulschrift</marc:subfield>
         <marc:subfield code="0">(DE-588)4113937-9</marc:subfield>
         <marc:subfield code="0">(DE-627)105825778</marc:subfield>
         <marc:subfield code="0">(DE-576)209480580</marc:subfield>
         <marc:subfield code="2">gnd-content</marc:subfield>
      </marc:datafield>
      <marc:datafield tag="689" ind1="0" ind2="0">
         <marc:subfield code="D">p</marc:subfield>
         <marc:subfield code="0">(DE-588)119100320</marc:subfield>
         <marc:subfield code="0">(DE-627)079893155</marc:subfield>
         <marc:subfield code="0">(DE-576)169531910</marc:subfield>
         <marc:subfield code="a">Johann Georg</marc:subfield>
         <marc:subfield code="b">II.</marc:subfield>
         <marc:subfield code="c">Sachsen, Kurfürst</marc:subfield>
         <marc:subfield code="d">1613-1680</marc:subfield>
         <marc:subfield code="2">gnd</marc:subfield>
      </marc:datafield>
      <marc:datafield tag="689" ind1="0" ind2="1">
         <marc:subfield code="D">g</marc:subfield>
         <marc:subfield code="0">(DE-588)4012995-0</marc:subfield>
         <marc:subfield code="0">(DE-627)106345745</marc:subfield>
         <marc:subfield code="0">(DE-576)20890140X</marc:subfield>
         <marc:subfield code="a">Dresden</marc:subfield>
         <marc:subfield code="2">gnd</marc:subfield>
      </marc:datafield>
      <marc:datafield tag="689" ind1="0" ind2="2">
         <marc:subfield code="D">s</marc:subfield>
         <marc:subfield code="0">(DE-588)4025453-7</marc:subfield>
         <marc:subfield code="0">(DE-627)106293397</marc:subfield>
         <marc:subfield code="0">(DE-576)208960856</marc:subfield>
         <marc:subfield code="a">Hof</marc:subfield>
         <marc:subfield code="2">gnd</marc:subfield>
      </marc:datafield>
      <marc:datafield tag="689" ind1="0" ind2="3">
         <marc:subfield code="D">s</marc:subfield>
         <marc:subfield code="0">(DE-588)4121260-5</marc:subfield>
         <marc:subfield code="0">(DE-627)10577071X</marc:subfield>
         <marc:subfield code="0">(DE-576)209541814</marc:subfield>
         <marc:subfield code="a">Fest</marc:subfield>
         <marc:subfield code="2">gnd</marc:subfield>
      </marc:datafield>
      <marc:datafield tag="689" ind1="0" ind2="4">
         <marc:subfield code="D">s</marc:subfield>
         <marc:subfield code="0">(DE-588)4125698-0</marc:subfield>
         <marc:subfield code="0">(DE-627)104470348</marc:subfield>
         <marc:subfield code="0">(DE-576)209578750</marc:subfield>
         <marc:subfield code="a">Kultur</marc:subfield>
         <marc:subfield code="2">gnd</marc:subfield>
      </marc:datafield>
      <marc:datafield tag="689" ind1="0" ind2="5">
         <marc:subfield code="A">z</marc:subfield>
         <marc:subfield code="2">gnd</marc:subfield>
         <marc:subfield code="a">Geschichte 1660-1679</marc:subfield>
      </marc:datafield>
      <marc:datafield tag="689" ind1="0" ind2=" ">
         <marc:subfield code="5">DE-101</marc:subfield>
      </marc:datafield>
      <marc:datafield tag="689" ind1="1" ind2="0">
         <marc:subfield code="D">p</marc:subfield>
         <marc:subfield code="0">(DE-588)119100320</marc:subfield>
         <marc:subfield code="0">(DE-627)079893155</marc:subfield>
         <marc:subfield code="0">(DE-576)169531910</marc:subfield>
         <marc:subfield code="a">Johann Georg</marc:subfield>
         <marc:subfield code="b">II.</marc:subfield>
         <marc:subfield code="c">Sachsen, Kurfürst</marc:subfield>
         <marc:subfield code="d">1613-1680</marc:subfield>
         <marc:subfield code="2">gnd</marc:subfield>
      </marc:datafield>
      <marc:datafield tag="689" ind1="1" ind2="1">
         <marc:subfield code="D">g</marc:subfield>
         <marc:subfield code="0">(DE-588)4012995-0</marc:subfield>
         <marc:subfield code="0">(DE-627)106345745</marc:subfield>
         <marc:subfield code="0">(DE-576)20890140X</marc:subfield>
         <marc:subfield code="a">Dresden</marc:subfield>
         <marc:subfield code="2">gnd</marc:subfield>
      </marc:datafield>
      <marc:datafield tag="689" ind1="1" ind2="2">
         <marc:subfield code="D">s</marc:subfield>
         <marc:subfield code="0">(DE-588)4122200-3</marc:subfield>
         <marc:subfield code="0">(DE-627)105764175</marc:subfield>
         <marc:subfield code="0">(DE-576)209549483</marc:subfield>
         <marc:subfield code="a">Höfische Kultur</marc:subfield>
         <marc:subfield code="2">gnd</marc:subfield>
      </marc:datafield>
      <marc:datafield tag="689" ind1="1" ind2="3">
         <marc:subfield code="D">s</marc:subfield>
         <marc:subfield code="0">(DE-588)4121260-5</marc:subfield>
         <marc:subfield code="0">(DE-627)10577071X</marc:subfield>
         <marc:subfield code="0">(DE-576)209541814</marc:subfield>
         <marc:subfield code="a">Fest</marc:subfield>
         <marc:subfield code="2">gnd</marc:subfield>
      </marc:datafield>
      <marc:datafield tag="689" ind1="1" ind2="4">
         <marc:subfield code="A">z</marc:subfield>
         <marc:subfield code="2">gnd</marc:subfield>
         <marc:subfield code="a">Geschichte 1660-1679</marc:subfield>
      </marc:datafield>
      <marc:datafield tag="689" ind1="1" ind2=" ">
         <marc:subfield code="5">(DE-627)</marc:subfield>
      </marc:datafield>
      <marc:datafield tag="751" ind1=" " ind2=" ">
         <marc:subfield code="a">Kiel</marc:subfield>
         <marc:subfield code="0">(DE-588)4030481-4</marc:subfield>
         <marc:subfield code="0">(DE-627)106269801</marc:subfield>
         <marc:subfield code="0">(DE-576)208987711</marc:subfield>
         <marc:subfield code="4">uvp</marc:subfield>
      </marc:datafield>
      <marc:datafield tag="787" ind1="0" ind2="8">
         <marc:subfield code="i">Rezension</marc:subfield>
         <marc:subfield code="a">Heckmann, Hermann, 1925 - 2016</marc:subfield>
         <marc:subfield code="t">[Rezension von: Deppe, Uta, Die Festkultur am Dresdner Hofe Johann Georgs II. von Sachsen (1660 - 1679).]</marc:subfield>
         <marc:subfield code="d">2009</marc:subfield>
         <marc:subfield code="w">(DE-627)894850415</marc:subfield>
      </marc:datafield>
      <marc:datafield tag="830" ind1=" " ind2="0">
         <marc:subfield code="a">Bau + Kunst</marc:subfield>
         <marc:subfield code="v">13</marc:subfield>
         <marc:subfield code="9">13</marc:subfield>
         <marc:subfield code="w">(DE-627)374045623</marc:subfield>
         <marc:subfield code="w">(DE-576)075196816</marc:subfield>
         <marc:subfield code="w">(DE-600)2127844-1</marc:subfield>
      </marc:datafield>
      <marc:datafield tag="856" ind1="4" ind2="2">
         <marc:subfield code="u">http://www.gbv.de/dms/hebis-darmstadt/toc/128819928.pdf</marc:subfield>
         <marc:subfield code="m">V:DE-603</marc:subfield>
         <marc:subfield code="m">B:DE-17</marc:subfield>
         <marc:subfield code="q">pdf/application</marc:subfield>
         <marc:subfield code="x">Verlag</marc:subfield>
         <marc:subfield code="y">Inhaltsverzeichnis</marc:subfield>
         <marc:subfield code="3">Inhaltsverzeichnis</marc:subfield>
      </marc:datafield>
      <marc:datafield tag="856" ind1="4" ind2="2">
         <marc:subfield code="u">http://swbplus.bsz-bw.de/bsz118348124rez.htm</marc:subfield>
         <marc:subfield code="m">V:DE-576</marc:subfield>
         <marc:subfield code="q">application/pdf</marc:subfield>
         <marc:subfield code="3">Rezension</marc:subfield>
      </marc:datafield>
      <marc:datafield tag="935" ind1=" " ind2=" ">
         <marc:subfield code="a">SAXB</marc:subfield>
      </marc:datafield>
      <marc:datafield tag="935" ind1=" " ind2=" ">
         <marc:subfield code="i">sf</marc:subfield>
      </marc:datafield>
      <marc:datafield tag="935" ind1=" " ind2=" ">
         <marc:subfield code="i">Blocktest</marc:subfield>
      </marc:datafield>
      <marc:datafield tag="936" ind1="r" ind2="v">
         <marc:subfield code="a">G:dd S:cg Z:32</marc:subfield>
      </marc:datafield>
      <marc:datafield tag="936" ind1="r" ind2="v">
         <marc:subfield code="a">LH 90220</marc:subfield>
         <marc:subfield code="b">Feste, Festzüge (introiti)</marc:subfield>
         <marc:subfield code="k">Kunstgeschichte</marc:subfield>
         <marc:subfield code="k">Allgemeines. Allgemeine Kunstgeschichte</marc:subfield>
         <marc:subfield code="k">Theater, Feste, Tanz</marc:subfield>
         <marc:subfield code="k">Darstellung nach Aufgaben</marc:subfield>
         <marc:subfield code="k">Feste, Festzüge (introiti)</marc:subfield>
         <marc:subfield code="0">(DE-627)1271126761</marc:subfield>
         <marc:subfield code="0">(DE-625)rvk/95409:</marc:subfield>
         <marc:subfield code="0">(DE-576)201126761</marc:subfield>
      </marc:datafield>
      <marc:datafield tag="936" ind1="r" ind2="v">
         <marc:subfield code="a">LK 24094</marc:subfield>
         <marc:subfield code="b">Burgen und Schlösser; herrschaftliche Stadthäuser (Residenzen, palazzi, hôtels u. dgl.), Villen in Stadtnähe</marc:subfield>
         <marc:subfield code="k">Kunstgeschichte</marc:subfield>
         <marc:subfield code="k">Kunst nach Ländern bzw. Kontinenten</marc:subfield>
         <marc:subfield code="k">Deutschland</marc:subfield>
         <marc:subfield code="k">Kunsttopografie Deutschlands</marc:subfield>
         <marc:subfield code="k">Orte Deutschlands</marc:subfield>
         <marc:subfield code="k">Orte D</marc:subfield>
         <marc:subfield code="k">Dresden</marc:subfield>
         <marc:subfield code="k">Burgen und Schlösser; herrschaftliche Stadthäuser (Residenzen, palazzi, hôtels u. dgl.), Villen in Stadtnähe</marc:subfield>
         <marc:subfield code="0">(DE-627)1270703838</marc:subfield>
         <marc:subfield code="0">(DE-625)rvk/97692:13315</marc:subfield>
         <marc:subfield code="0">(DE-576)200703838</marc:subfield>
      </marc:datafield>
      <marc:datafield tag="936" ind1="r" ind2="v">
         <marc:subfield code="a">NN 5660</marc:subfield>
         <marc:subfield code="b">Darstellungen (Länder von A-Z)</marc:subfield>
         <marc:subfield code="k">Geschichte</marc:subfield>
         <marc:subfield code="k">Neuere Geschichte</marc:subfield>
         <marc:subfield code="k">Zeitalter des Absolutismus (1648 - 1789)</marc:subfield>
         <marc:subfield code="k">Geschichte von 1648 bis 1740</marc:subfield>
         <marc:subfield code="k">Reichsgeschichte</marc:subfield>
         <marc:subfield code="k">Sonstige deutsche Territorialstaaten</marc:subfield>
         <marc:subfield code="k">Darstellungen (Länder von A-Z)</marc:subfield>
         <marc:subfield code="0">(DE-627)1271466929</marc:subfield>
         <marc:subfield code="0">(DE-625)rvk/127011:</marc:subfield>
         <marc:subfield code="0">(DE-576)201466929</marc:subfield>
      </marc:datafield>
      <marc:datafield tag="936" ind1="r" ind2="v">
         <marc:subfield code="a">AP 64700</marc:subfield>
         <marc:subfield code="b">Barock, Renaissance</marc:subfield>
         <marc:subfield code="k">Allgemeines</marc:subfield>
         <marc:subfield code="k">Medien- und Kommunikationswissenschaften, Kommunikationsdesign</marc:subfield>
         <marc:subfield code="k">Theater</marc:subfield>
         <marc:subfield code="k">Biografie, Geschichte</marc:subfield>
         <marc:subfield code="k">Theatergeschichte</marc:subfield>
         <marc:subfield code="k">Barock, Renaissance</marc:subfield>
         <marc:subfield code="0">(DE-627)1270691627</marc:subfield>
         <marc:subfield code="0">(DE-625)rvk/7833:</marc:subfield>
         <marc:subfield code="0">(DE-576)200691627</marc:subfield>
      </marc:datafield>
      <marc:datafield tag="936" ind1="r" ind2="v">
         <marc:subfield code="a">LK 10785</marc:subfield>
         <marc:subfield code="b">Barock/Rokoko</marc:subfield>
         <marc:subfield code="k">Kunstgeschichte</marc:subfield>
         <marc:subfield code="k">Kunst nach Ländern bzw. Kontinenten</marc:subfield>
         <marc:subfield code="k">Deutschland</marc:subfield>
         <marc:subfield code="k">Deutsche Kunstgeschichte nach Ländern und Landschaften</marc:subfield>
         <marc:subfield code="k">Länder (Verwaltungseinheiten)</marc:subfield>
         <marc:subfield code="k">Sachsen</marc:subfield>
         <marc:subfield code="k">Barock/Rokoko</marc:subfield>
         <marc:subfield code="0">(DE-627)1272107590</marc:subfield>
         <marc:subfield code="0">(DE-625)rvk/97526:7</marc:subfield>
         <marc:subfield code="0">(DE-576)202107590</marc:subfield>
      </marc:datafield>
      <marc:datafield tag="936" ind1="r" ind2="v">
         <marc:subfield code="a">NZ 12340</marc:subfield>
         <marc:subfield code="b">Johann Georg II (1656 - 1680)</marc:subfield>
         <marc:subfield code="k">Geschichte</marc:subfield>
         <marc:subfield code="k">Regionale Landeskunde</marc:subfield>
         <marc:subfield code="k">Landesgeschichte Sachsen</marc:subfield>
         <marc:subfield code="k">Geschichte Sachsens nach Zeitabschnitten</marc:subfield>
         <marc:subfield code="k">Wettiner (1423 - 1806)</marc:subfield>
         <marc:subfield code="k">Albertinische Kurfürsten (1541 - 1806)</marc:subfield>
         <marc:subfield code="k">Johann Georg II (1656 - 1680)</marc:subfield>
         <marc:subfield code="0">(DE-627)1272126412</marc:subfield>
         <marc:subfield code="0">(DE-625)rvk/132491:</marc:subfield>
         <marc:subfield code="0">(DE-576)202126412</marc:subfield>
      </marc:datafield>
      <marc:datafield tag="936" ind1="r" ind2="v">
         <marc:subfield code="a">NR 6540</marc:subfield>
         <marc:subfield code="b">Dresden</marc:subfield>
         <marc:subfield code="k">Geschichte</marc:subfield>
         <marc:subfield code="k">Landes- und Stadtgeschichte (Allgemeine, Deutsche und Österreichische Landes- und Stadtgeschichte, Ausländische Stadtgeschichte, Geschichte der Auslanddeutschen)</marc:subfield>
         <marc:subfield code="k">Deutsche Landesgeschichte im Einzelnen (einschl. ehemaliger deutscher Gebiete)</marc:subfield>
         <marc:subfield code="k">Thüringen, Sachsen, Sachsen-Anhalt</marc:subfield>
         <marc:subfield code="k">Stadtgeschichte</marc:subfield>
         <marc:subfield code="k">Einzelne Städte</marc:subfield>
         <marc:subfield code="k">Städte D</marc:subfield>
         <marc:subfield code="k">Dresden</marc:subfield>
         <marc:subfield code="0">(DE-627)1271496674</marc:subfield>
         <marc:subfield code="0">(DE-625)rvk/129607:</marc:subfield>
         <marc:subfield code="0">(DE-576)201496674</marc:subfield>
      </marc:datafield>
      <marc:datafield tag="936" ind1="r" ind2="v">
         <marc:subfield code="a">LK 24085</marc:subfield>
         <marc:subfield code="b">(Kulturgeschichte, Kirchengeschichte)</marc:subfield>
         <marc:subfield code="k">Kunstgeschichte</marc:subfield>
         <marc:subfield code="k">Kunst nach Ländern bzw. Kontinenten</marc:subfield>
         <marc:subfield code="k">Deutschland</marc:subfield>
         <marc:subfield code="k">Kunsttopografie Deutschlands</marc:subfield>
         <marc:subfield code="k">Orte Deutschlands</marc:subfield>
         <marc:subfield code="k">Orte D</marc:subfield>
         <marc:subfield code="k">Dresden</marc:subfield>
         <marc:subfield code="k">(Kulturgeschichte, Kirchengeschichte)</marc:subfield>
         <marc:subfield code="0">(DE-627)1271338947</marc:subfield>
         <marc:subfield code="0">(DE-625)rvk/97692:13305</marc:subfield>
         <marc:subfield code="0">(DE-576)201338947</marc:subfield>
      </marc:datafield>
      <marc:datafield tag="936" ind1="b" ind2="k">
         <marc:subfield code="a">15.07</marc:subfield>
         <marc:subfield code="j">Kulturgeschichte</marc:subfield>
         <marc:subfield code="0">(DE-627)181569620</marc:subfield>
      </marc:datafield>
      <marc:datafield tag="936" ind1="b" ind2="k">
         <marc:subfield code="a">15.48</marc:subfield>
         <marc:subfield code="j">Sachsen</marc:subfield>
         <marc:subfield code="j">Sachsen-Anhalt</marc:subfield>
         <marc:subfield code="j">Thüringen</marc:subfield>
         <marc:subfield code="x">Geschichte</marc:subfield>
         <marc:subfield code="0">(DE-627)181571048</marc:subfield>
      </marc:datafield>
      <marc:datafield tag="936" ind1="b" ind2="k">
         <marc:subfield code="a">20.24</marc:subfield>
         <marc:subfield code="j">Gesellschaft</marc:subfield>
         <marc:subfield code="j">Kultur</marc:subfield>
         <marc:subfield code="x">Ikonographie</marc:subfield>
         <marc:subfield code="0">(DE-627)106423622</marc:subfield>
      </marc:datafield>
      <marc:datafield tag="936" ind1="b" ind2="k">
         <marc:subfield code="a">24.62</marc:subfield>
         <marc:subfield code="j">Musiktheater</marc:subfield>
         <marc:subfield code="j">Theatermusik</marc:subfield>
         <marc:subfield code="0">(DE-627)106422081</marc:subfield>
      </marc:datafield>
      <marc:datafield tag="936" ind1="b" ind2="k">
         <marc:subfield code="a">76.61</marc:subfield>
         <marc:subfield code="j">Öffentliche Vergnügungsveranstaltungen</marc:subfield>
         <marc:subfield code="0">(DE-627)106420917</marc:subfield>
      </marc:datafield>
      <marc:datafield tag="951" ind1=" " ind2=" ">
         <marc:subfield code="a">BO</marc:subfield>
      </marc:datafield>
   </marc:record>