
   <marc:record>
      <marc:leader>     cam a22        4500</marc:leader>
      <marc:controlfield tag="001">111105552</marc:controlfield>
      <marc:controlfield tag="003">DE-576</marc:controlfield>
      <marc:controlfield tag="005">20210506161303.0</marc:controlfield>
      <marc:controlfield tag="007">tu</marc:controlfield>
      <marc:controlfield tag="008">040413s2004    gw |||||      00| ||ger c</marc:controlfield>
      <marc:datafield tag="015" ind1=" " ind2=" ">
         <marc:subfield code="a">04,N17,0201</marc:subfield>
         <marc:subfield code="2">dnb</marc:subfield>
      </marc:datafield>
      <marc:datafield tag="016" ind1="7" ind2=" ">
         <marc:subfield code="a">970753411</marc:subfield>
         <marc:subfield code="2">DE-101</marc:subfield>
      </marc:datafield>
      <marc:datafield tag="020" ind1=" " ind2=" ">
         <marc:subfield code="a">3879888310</marc:subfield>
         <marc:subfield code="9">3-87988-831-0</marc:subfield>
      </marc:datafield>
      <marc:datafield tag="024" ind1="3" ind2=" ">
         <marc:subfield code="a">9783879888313</marc:subfield>
      </marc:datafield>
      <marc:datafield tag="035" ind1=" " ind2=" ">
         <marc:subfield code="a">(DE-627)385131593</marc:subfield>
      </marc:datafield>
      <marc:datafield tag="035" ind1=" " ind2=" ">
         <marc:subfield code="a">(DE-576)111105552</marc:subfield>
      </marc:datafield>
      <marc:datafield tag="035" ind1=" " ind2=" ">
         <marc:subfield code="a">(DE-599)DNB970753411</marc:subfield>
      </marc:datafield>
      <marc:datafield tag="035" ind1=" " ind2=" ">
         <marc:subfield code="a">(OCoLC)249519721</marc:subfield>
      </marc:datafield>
      <marc:datafield tag="035" ind1=" " ind2=" ">
         <marc:subfield code="a">(OCoLC)57476616</marc:subfield>
      </marc:datafield>
      <marc:datafield tag="035" ind1=" " ind2=" ">
         <marc:subfield code="a">(OCoLC)249519721</marc:subfield>
      </marc:datafield>
      <marc:datafield tag="035" ind1=" " ind2=" ">
         <marc:subfield code="a">(DE-604)BV019387911</marc:subfield>
      </marc:datafield>
      <marc:datafield tag="040" ind1=" " ind2=" ">
         <marc:subfield code="a">DE-576</marc:subfield>
         <marc:subfield code="b">ger</marc:subfield>
         <marc:subfield code="c">DE-576</marc:subfield>
         <marc:subfield code="e">rakwb</marc:subfield>
      </marc:datafield>
      <marc:datafield tag="041" ind1=" " ind2=" ">
         <marc:subfield code="a">ger</marc:subfield>
      </marc:datafield>
      <marc:datafield tag="044" ind1=" " ind2=" ">
         <marc:subfield code="c">XA-DE-BY</marc:subfield>
      </marc:datafield>
      <marc:datafield tag="082" ind1="0" ind2="4">
         <marc:subfield code="a">330</marc:subfield>
      </marc:datafield>
      <marc:datafield tag="084" ind1=" " ind2=" ">
         <marc:subfield code="a">MS 5300</marc:subfield>
         <marc:subfield code="q">OBV</marc:subfield>
         <marc:subfield code="2">rvk</marc:subfield>
         <marc:subfield code="0">(DE-625)rvk/123723:</marc:subfield>
      </marc:datafield>
      <marc:datafield tag="084" ind1=" " ind2=" ">
         <marc:subfield code="a">QV 020</marc:subfield>
         <marc:subfield code="q">OBV</marc:subfield>
         <marc:subfield code="2">rvk</marc:subfield>
         <marc:subfield code="0">(DE-625)rvk/142135:</marc:subfield>
      </marc:datafield>
      <marc:datafield tag="084" ind1=" " ind2=" ">
         <marc:subfield code="a">DS 7250</marc:subfield>
         <marc:subfield code="2">rvk</marc:subfield>
         <marc:subfield code="0">(DE-625)rvk/19965:</marc:subfield>
      </marc:datafield>
      <marc:datafield tag="084" ind1=" " ind2=" ">
         <marc:subfield code="a">QQ 250</marc:subfield>
         <marc:subfield code="2">rvk</marc:subfield>
         <marc:subfield code="0">(DE-625)rvk/141969:</marc:subfield>
      </marc:datafield>
      <marc:datafield tag="084" ind1=" " ind2=" ">
         <marc:subfield code="a">MS 5560</marc:subfield>
         <marc:subfield code="2">rvk</marc:subfield>
         <marc:subfield code="0">(DE-625)rvk/123728:</marc:subfield>
      </marc:datafield>
      <marc:datafield tag="084" ind1=" " ind2=" ">
         <marc:subfield code="a">CW 4800</marc:subfield>
         <marc:subfield code="2">rvk</marc:subfield>
         <marc:subfield code="0">(DE-625)rvk/19181:</marc:subfield>
      </marc:datafield>
      <marc:datafield tag="084" ind1=" " ind2=" ">
         <marc:subfield code="a">83.68</marc:subfield>
         <marc:subfield code="2">bkl</marc:subfield>
      </marc:datafield>
      <marc:datafield tag="084" ind1=" " ind2=" ">
         <marc:subfield code="a">85.05</marc:subfield>
         <marc:subfield code="2">bkl</marc:subfield>
      </marc:datafield>
      <marc:datafield tag="245" ind1="1" ind2="0">
         <marc:subfield code="a">Dienstleistung als Interaktion</marc:subfield>
         <marc:subfield code="b">Beiträge aus einem Forschungsprojekt ; Altenpflege, Deutsche Bahn, Call Center</marc:subfield>
         <marc:subfield code="c">Wolfgang Dunkel ... (Hrsg.)</marc:subfield>
      </marc:datafield>
      <marc:datafield tag="250" ind1=" " ind2=" ">
         <marc:subfield code="a">1. Aufl.</marc:subfield>
      </marc:datafield>
      <marc:datafield tag="263" ind1=" " ind2=" ">
         <marc:subfield code="a">Pb. : EUR 27.80</marc:subfield>
      </marc:datafield>
      <marc:datafield tag="264" ind1=" " ind2="1">
         <marc:subfield code="a">München [u.a.]</marc:subfield>
         <marc:subfield code="b">Hampp</marc:subfield>
         <marc:subfield code="c">2004</marc:subfield>
      </marc:datafield>
      <marc:datafield tag="300" ind1=" " ind2=" ">
         <marc:subfield code="a">296 S.</marc:subfield>
         <marc:subfield code="b">graph. Darst.</marc:subfield>
         <marc:subfield code="c">21.0 cm x 15.0 cm</marc:subfield>
      </marc:datafield>
      <marc:datafield tag="336" ind1=" " ind2=" ">
         <marc:subfield code="a">Text</marc:subfield>
         <marc:subfield code="b">txt</marc:subfield>
         <marc:subfield code="2">rdacontent</marc:subfield>
      </marc:datafield>
      <marc:datafield tag="337" ind1=" " ind2=" ">
         <marc:subfield code="a">ohne Hilfsmittel zu benutzen</marc:subfield>
         <marc:subfield code="b">n</marc:subfield>
         <marc:subfield code="2">rdamedia</marc:subfield>
      </marc:datafield>
      <marc:datafield tag="338" ind1=" " ind2=" ">
         <marc:subfield code="a">Band</marc:subfield>
         <marc:subfield code="b">nc</marc:subfield>
         <marc:subfield code="2">rdacarrier</marc:subfield>
      </marc:datafield>
      <marc:datafield tag="490" ind1="1" ind2=" ">
         <marc:subfield code="a">Arbeit und Leben im Umbruch</marc:subfield>
         <marc:subfield code="v">[6]</marc:subfield>
      </marc:datafield>
      <marc:datafield tag="500" ind1=" " ind2=" ">
         <marc:subfield code="a">Enth. 13 Beitr</marc:subfield>
      </marc:datafield>
      <marc:datafield tag="500" ind1=" " ind2=" ">
         <marc:subfield code="a">Auf dem Einband [falsch] als Bd. 5 der Reihe bezeichnet!</marc:subfield>
      </marc:datafield>
      <marc:datafield tag="591" ind1=" " ind2=" ">
         <marc:subfield code="a">Aufs. erfasst (GBV). - ***Auf dem Umschlag ist bei der Reihenangabe fälschlicherweise Bd. 5 angegeben (Verl.Mitteilung) &lt;89&gt; 03.08.04*** (GBV). - 580; ddsu/sbo ; IMD-Felder und 1131 maschinell ergänzt (SWB)</marc:subfield>
      </marc:datafield>
      <marc:datafield tag="650" ind1=" " ind2="7">
         <marc:subfield code="8">1.1\x</marc:subfield>
         <marc:subfield code="a">Dienstleistung</marc:subfield>
         <marc:subfield code="0">(DE-627)091354919</marc:subfield>
         <marc:subfield code="0">(DE-STW)13301-0</marc:subfield>
         <marc:subfield code="2">stw</marc:subfield>
      </marc:datafield>
      <marc:datafield tag="650" ind1=" " ind2="7">
         <marc:subfield code="8">1.2\x</marc:subfield>
         <marc:subfield code="a">Beziehungsmarketing</marc:subfield>
         <marc:subfield code="0">(DE-627)091354323</marc:subfield>
         <marc:subfield code="0">(DE-STW)19133-0</marc:subfield>
         <marc:subfield code="2">stw</marc:subfield>
      </marc:datafield>
      <marc:datafield tag="650" ind1=" " ind2="7">
         <marc:subfield code="8">1.3\x</marc:subfield>
         <marc:subfield code="a">Altenhilfe</marc:subfield>
         <marc:subfield code="0">(DE-627)091346657</marc:subfield>
         <marc:subfield code="0">(DE-STW)16525-5</marc:subfield>
         <marc:subfield code="2">stw</marc:subfield>
      </marc:datafield>
      <marc:datafield tag="650" ind1=" " ind2="7">
         <marc:subfield code="8">1.4\x</marc:subfield>
         <marc:subfield code="a">Schienenpersonenverkehr</marc:subfield>
         <marc:subfield code="0">(DE-627)091356423</marc:subfield>
         <marc:subfield code="0">(DE-STW)18574-3</marc:subfield>
         <marc:subfield code="2">stw</marc:subfield>
      </marc:datafield>
      <marc:datafield tag="650" ind1=" " ind2="7">
         <marc:subfield code="8">1.5\x</marc:subfield>
         <marc:subfield code="a">Callcenter</marc:subfield>
         <marc:subfield code="0">(DE-627)091353378</marc:subfield>
         <marc:subfield code="0">(DE-STW)19541-6</marc:subfield>
         <marc:subfield code="2">stw</marc:subfield>
      </marc:datafield>
      <marc:datafield tag="650" ind1=" " ind2="7">
         <marc:subfield code="8">1.6\x</marc:subfield>
         <marc:subfield code="a">Deutschland</marc:subfield>
         <marc:subfield code="0">(DE-627)091354749</marc:subfield>
         <marc:subfield code="0">(DE-STW)18012-3</marc:subfield>
         <marc:subfield code="2">stw</marc:subfield>
      </marc:datafield>
      <marc:datafield tag="650" ind1=" " ind2="7">
         <marc:subfield code="8">1.7\x</marc:subfield>
         <marc:subfield code="a">Soziale Beziehungen</marc:subfield>
         <marc:subfield code="0">(DE-627)091389852</marc:subfield>
         <marc:subfield code="0">(DE-STW)15712-4</marc:subfield>
         <marc:subfield code="2">stw</marc:subfield>
      </marc:datafield>
      <marc:datafield tag="655" ind1=" " ind2="7">
         <marc:subfield code="a">Aufsatzsammlung</marc:subfield>
         <marc:subfield code="0">(DE-588)4143413-4</marc:subfield>
         <marc:subfield code="0">(DE-627)105605727</marc:subfield>
         <marc:subfield code="0">(DE-576)209726091</marc:subfield>
         <marc:subfield code="2">gnd-content</marc:subfield>
      </marc:datafield>
      <marc:datafield tag="689" ind1="0" ind2="0">
         <marc:subfield code="D">s</marc:subfield>
         <marc:subfield code="0">(DE-588)4001420-4</marc:subfield>
         <marc:subfield code="0">(DE-627)106397117</marc:subfield>
         <marc:subfield code="0">(DE-576)208842853</marc:subfield>
         <marc:subfield code="a">Altenpflege</marc:subfield>
         <marc:subfield code="2">gnd</marc:subfield>
      </marc:datafield>
      <marc:datafield tag="689" ind1="0" ind2="1">
         <marc:subfield code="D">s</marc:subfield>
         <marc:subfield code="0">(DE-588)4055710-8</marc:subfield>
         <marc:subfield code="0">(DE-627)106157043</marc:subfield>
         <marc:subfield code="0">(DE-576)209115084</marc:subfield>
         <marc:subfield code="a">Soziale Dienstleistung</marc:subfield>
         <marc:subfield code="2">gnd</marc:subfield>
      </marc:datafield>
      <marc:datafield tag="689" ind1="0" ind2="2">
         <marc:subfield code="D">s</marc:subfield>
         <marc:subfield code="0">(DE-588)4316837-1</marc:subfield>
         <marc:subfield code="0">(DE-627)126722390</marc:subfield>
         <marc:subfield code="0">(DE-576)211187038</marc:subfield>
         <marc:subfield code="a">Kundenorientierung</marc:subfield>
         <marc:subfield code="2">gnd</marc:subfield>
      </marc:datafield>
      <marc:datafield tag="689" ind1="0" ind2=" ">
         <marc:subfield code="5">DE-101</marc:subfield>
      </marc:datafield>
      <marc:datafield tag="689" ind1="1" ind2="0">
         <marc:subfield code="D">s</marc:subfield>
         <marc:subfield code="0">(DE-588)4237748-1</marc:subfield>
         <marc:subfield code="0">(DE-627)104884266</marc:subfield>
         <marc:subfield code="0">(DE-576)210407735</marc:subfield>
         <marc:subfield code="a">Schaffner</marc:subfield>
         <marc:subfield code="2">gnd</marc:subfield>
      </marc:datafield>
      <marc:datafield tag="689" ind1="1" ind2="1">
         <marc:subfield code="D">s</marc:subfield>
         <marc:subfield code="0">(DE-588)4316837-1</marc:subfield>
         <marc:subfield code="0">(DE-627)126722390</marc:subfield>
         <marc:subfield code="0">(DE-576)211187038</marc:subfield>
         <marc:subfield code="a">Kundenorientierung</marc:subfield>
         <marc:subfield code="2">gnd</marc:subfield>
      </marc:datafield>
      <marc:datafield tag="689" ind1="1" ind2=" ">
         <marc:subfield code="5">DE-101</marc:subfield>
      </marc:datafield>
      <marc:datafield tag="689" ind1="2" ind2="0">
         <marc:subfield code="D">s</marc:subfield>
         <marc:subfield code="0">(DE-588)4456666-9</marc:subfield>
         <marc:subfield code="0">(DE-627)229778755</marc:subfield>
         <marc:subfield code="0">(DE-576)212628763</marc:subfield>
         <marc:subfield code="a">Callcenter</marc:subfield>
         <marc:subfield code="2">gnd</marc:subfield>
      </marc:datafield>
      <marc:datafield tag="689" ind1="2" ind2="1">
         <marc:subfield code="D">s</marc:subfield>
         <marc:subfield code="0">(DE-588)4012178-1</marc:subfield>
         <marc:subfield code="0">(DE-627)106349619</marc:subfield>
         <marc:subfield code="0">(DE-576)208897216</marc:subfield>
         <marc:subfield code="a">Dienstleistung</marc:subfield>
         <marc:subfield code="2">gnd</marc:subfield>
      </marc:datafield>
      <marc:datafield tag="689" ind1="2" ind2=" ">
         <marc:subfield code="5">DE-101</marc:subfield>
      </marc:datafield>
      <marc:datafield tag="700" ind1="1" ind2=" ">
         <marc:subfield code="a">Dunkel, Wolfgang</marc:subfield>
         <marc:subfield code="d">1959-</marc:subfield>
         <marc:subfield code="e">Hrsg.</marc:subfield>
         <marc:subfield code="0">(DE-588)129089818</marc:subfield>
         <marc:subfield code="0">(DE-627)389523968</marc:subfield>
         <marc:subfield code="0">(DE-576)297488309</marc:subfield>
         <marc:subfield code="4">edt</marc:subfield>
      </marc:datafield>
      <marc:datafield tag="700" ind1="1" ind2=" ">
         <marc:subfield code="a">Voß, G. Günter</marc:subfield>
         <marc:subfield code="d">1950-</marc:subfield>
         <marc:subfield code="0">(DE-588)115766502</marc:subfield>
         <marc:subfield code="0">(DE-627)061309591</marc:subfield>
         <marc:subfield code="0">(DE-576)163444234</marc:subfield>
         <marc:subfield code="4">oth</marc:subfield>
      </marc:datafield>
      <marc:datafield tag="710" ind1="2" ind2=" ">
         <marc:subfield code="a">Arbeiterwohlfahrt Bezirksverband Oberbayern</marc:subfield>
         <marc:subfield code="0">(DE-588)10060757-3</marc:subfield>
         <marc:subfield code="0">(DE-627)367418835</marc:subfield>
         <marc:subfield code="0">(DE-576)199565473</marc:subfield>
         <marc:subfield code="4">oth</marc:subfield>
      </marc:datafield>
      <marc:datafield tag="830" ind1=" " ind2="0">
         <marc:subfield code="a">Arbeit und Leben im Umbruch</marc:subfield>
         <marc:subfield code="v">[6]</marc:subfield>
         <marc:subfield code="9">[6]</marc:subfield>
         <marc:subfield code="w">(DE-627)387946365</marc:subfield>
         <marc:subfield code="w">(DE-576)089508483</marc:subfield>
         <marc:subfield code="w">(DE-600)2147167-8</marc:subfield>
         <marc:subfield code="x">1617-0407</marc:subfield>
      </marc:datafield>
      <marc:datafield tag="856" ind1="4" ind2="2">
         <marc:subfield code="u">http://d-nb.info/970753411/04</marc:subfield>
         <marc:subfield code="m">B:DE-101</marc:subfield>
         <marc:subfield code="q">pdf/application</marc:subfield>
         <marc:subfield code="v">20161126003402</marc:subfield>
         <marc:subfield code="x">Verlag</marc:subfield>
         <marc:subfield code="3">Inhaltsverzeichnis</marc:subfield>
      </marc:datafield>
      <marc:datafield tag="935" ind1=" " ind2=" ">
         <marc:subfield code="i">Blocktest</marc:subfield>
      </marc:datafield>
      <marc:datafield tag="936" ind1="r" ind2="v">
         <marc:subfield code="a">MS 5300</marc:subfield>
         <marc:subfield code="b">Einzelne Berufsgruppen</marc:subfield>
         <marc:subfield code="k">Soziologie</marc:subfield>
         <marc:subfield code="k">Spezielle Soziologien</marc:subfield>
         <marc:subfield code="k">Wirtschafts-, Industrie- und Techniksoziologie</marc:subfield>
         <marc:subfield code="k">Einzelne Berufsgruppen</marc:subfield>
         <marc:subfield code="0">(DE-627)1271441276</marc:subfield>
         <marc:subfield code="0">(DE-625)rvk/123723:</marc:subfield>
         <marc:subfield code="0">(DE-576)201441276</marc:subfield>
      </marc:datafield>
      <marc:datafield tag="936" ind1="r" ind2="v">
         <marc:subfield code="a">QV 020</marc:subfield>
         <marc:subfield code="b">Soziologische Aspekte des Arbeitnehmers</marc:subfield>
         <marc:subfield code="k">Wirtschaftswissenschaften</marc:subfield>
         <marc:subfield code="k">Arbeitnehmerfragen (Labor Economics)</marc:subfield>
         <marc:subfield code="k">Soziologische Aspekte des Arbeitnehmers</marc:subfield>
         <marc:subfield code="0">(DE-627)1271509695</marc:subfield>
         <marc:subfield code="0">(DE-625)rvk/142135:</marc:subfield>
         <marc:subfield code="0">(DE-576)201509695</marc:subfield>
      </marc:datafield>
      <marc:datafield tag="936" ind1="r" ind2="v">
         <marc:subfield code="a">DS 7250</marc:subfield>
         <marc:subfield code="b">Altenarbeit, Altenpflege, Sterbebegleitung</marc:subfield>
         <marc:subfield code="k">Pädagogik</marc:subfield>
         <marc:subfield code="k">Sozialpädagogik, Sozialarbeit</marc:subfield>
         <marc:subfield code="k">Berufsfelder</marc:subfield>
         <marc:subfield code="k">Altenarbeit, Altenpflege, Sterbebegleitung</marc:subfield>
         <marc:subfield code="0">(DE-627)1270784471</marc:subfield>
         <marc:subfield code="0">(DE-625)rvk/19965:</marc:subfield>
         <marc:subfield code="0">(DE-576)200784471</marc:subfield>
      </marc:datafield>
      <marc:datafield tag="936" ind1="r" ind2="v">
         <marc:subfield code="a">QQ 250</marc:subfield>
         <marc:subfield code="b">Dienstleistungsbetrieb / Management</marc:subfield>
         <marc:subfield code="k">Wirtschaftswissenschaften</marc:subfield>
         <marc:subfield code="k">Spezielle Betriebswirtschaftslehren</marc:subfield>
         <marc:subfield code="k">Dienstleistungsbetrieb / Management</marc:subfield>
         <marc:subfield code="0">(DE-627)1271482568</marc:subfield>
         <marc:subfield code="0">(DE-625)rvk/141969:</marc:subfield>
         <marc:subfield code="0">(DE-576)201482568</marc:subfield>
      </marc:datafield>
      <marc:datafield tag="936" ind1="r" ind2="v">
         <marc:subfield code="a">MS 5560</marc:subfield>
         <marc:subfield code="b">Verbraucherverhalten</marc:subfield>
         <marc:subfield code="k">Soziologie</marc:subfield>
         <marc:subfield code="k">Spezielle Soziologien</marc:subfield>
         <marc:subfield code="k">Wirtschafts-, Industrie- und Techniksoziologie</marc:subfield>
         <marc:subfield code="k">Verbraucherverhalten</marc:subfield>
         <marc:subfield code="0">(DE-627)1271104954</marc:subfield>
         <marc:subfield code="0">(DE-625)rvk/123728:</marc:subfield>
         <marc:subfield code="0">(DE-576)201104954</marc:subfield>
      </marc:datafield>
      <marc:datafield tag="936" ind1="r" ind2="v">
         <marc:subfield code="a">CW 4800</marc:subfield>
         <marc:subfield code="b">Sozialpsychologie des Betriebes</marc:subfield>
         <marc:subfield code="k">Psychologie</marc:subfield>
         <marc:subfield code="k">Angewandte Psychologie</marc:subfield>
         <marc:subfield code="k">Sozialpsychologie des Betriebes</marc:subfield>
         <marc:subfield code="0">(DE-627)1271327236</marc:subfield>
         <marc:subfield code="0">(DE-625)rvk/19181:</marc:subfield>
         <marc:subfield code="0">(DE-576)201327236</marc:subfield>
      </marc:datafield>
      <marc:datafield tag="936" ind1="b" ind2="k">
         <marc:subfield code="a">83.68</marc:subfield>
         <marc:subfield code="j">Dienstleistungen: Allgemeines</marc:subfield>
         <marc:subfield code="0">(DE-627)106416391</marc:subfield>
      </marc:datafield>
      <marc:datafield tag="936" ind1="b" ind2="k">
         <marc:subfield code="a">85.05</marc:subfield>
         <marc:subfield code="j">Betriebssoziologie</marc:subfield>
         <marc:subfield code="j">Betriebspsychologie</marc:subfield>
         <marc:subfield code="0">(DE-627)106414631</marc:subfield>
      </marc:datafield>
      <marc:datafield tag="951" ind1=" " ind2=" ">
         <marc:subfield code="a">BO</marc:subfield>
      </marc:datafield>
   </marc:record>