
   <marc:record>
      <marc:leader>     cam a22        4500</marc:leader>
      <marc:controlfield tag="001">109568540</marc:controlfield>
      <marc:controlfield tag="003">DE-576</marc:controlfield>
      <marc:controlfield tag="005">20210615162128.0</marc:controlfield>
      <marc:controlfield tag="007">tu</marc:controlfield>
      <marc:controlfield tag="008">040323s2004    gw |||||      10| ||ger c</marc:controlfield>
      <marc:datafield tag="020" ind1=" " ind2=" ">
         <marc:subfield code="a">3770539451</marc:subfield>
         <marc:subfield code="c">EUR 29.90 (DE), EUR 30.80 (AT)</marc:subfield>
         <marc:subfield code="9">3-7705-3945-1</marc:subfield>
      </marc:datafield>
      <marc:datafield tag="035" ind1=" " ind2=" ">
         <marc:subfield code="a">(DE-627)38281102X</marc:subfield>
      </marc:datafield>
      <marc:datafield tag="035" ind1=" " ind2=" ">
         <marc:subfield code="a">(DE-576)109568540</marc:subfield>
      </marc:datafield>
      <marc:datafield tag="035" ind1=" " ind2=" ">
         <marc:subfield code="a">(DE-599)GBV38281102X</marc:subfield>
      </marc:datafield>
      <marc:datafield tag="035" ind1=" " ind2=" ">
         <marc:subfield code="a">(OCoLC)231988422</marc:subfield>
      </marc:datafield>
      <marc:datafield tag="035" ind1=" " ind2=" ">
         <marc:subfield code="a">(OCoLC)57542319</marc:subfield>
      </marc:datafield>
      <marc:datafield tag="035" ind1=" " ind2=" ">
         <marc:subfield code="a">(DE-H357)his28305</marc:subfield>
      </marc:datafield>
      <marc:datafield tag="040" ind1=" " ind2=" ">
         <marc:subfield code="a">DE-576</marc:subfield>
         <marc:subfield code="b">ger</marc:subfield>
         <marc:subfield code="c">DE-576</marc:subfield>
         <marc:subfield code="e">rakwb</marc:subfield>
      </marc:datafield>
      <marc:datafield tag="041" ind1=" " ind2=" ">
         <marc:subfield code="a">ger</marc:subfield>
         <marc:subfield code="a">eng</marc:subfield>
      </marc:datafield>
      <marc:datafield tag="044" ind1=" " ind2=" ">
         <marc:subfield code="c">XA-DE</marc:subfield>
      </marc:datafield>
      <marc:datafield tag="050" ind1=" " ind2="0">
         <marc:subfield code="a">BV5091.S7</marc:subfield>
      </marc:datafield>
      <marc:datafield tag="082" ind1="0" ind2="4">
         <marc:subfield code="a">230</marc:subfield>
      </marc:datafield>
      <marc:datafield tag="084" ind1=" " ind2=" ">
         <marc:subfield code="a">XC 2700</marc:subfield>
         <marc:subfield code="2">rvk</marc:subfield>
         <marc:subfield code="0">(DE-625)rvk/152506:12905</marc:subfield>
      </marc:datafield>
      <marc:datafield tag="084" ind1=" " ind2=" ">
         <marc:subfield code="a">AP 84250</marc:subfield>
         <marc:subfield code="2">rvk</marc:subfield>
         <marc:subfield code="0">(DE-625)rvk/8034:</marc:subfield>
      </marc:datafield>
      <marc:datafield tag="084" ind1=" " ind2=" ">
         <marc:subfield code="a">08.42</marc:subfield>
         <marc:subfield code="2">bkl</marc:subfield>
      </marc:datafield>
      <marc:datafield tag="084" ind1=" " ind2=" ">
         <marc:subfield code="a">17.93</marc:subfield>
         <marc:subfield code="2">bkl</marc:subfield>
      </marc:datafield>
      <marc:datafield tag="084" ind1=" " ind2=" ">
         <marc:subfield code="a">18.00</marc:subfield>
         <marc:subfield code="2">bkl</marc:subfield>
      </marc:datafield>
      <marc:datafield tag="111" ind1="2" ind2=" ">
         <marc:subfield code="a">Tagung "Stigmata - Körperinschriften"</marc:subfield>
         <marc:subfield code="d">2000</marc:subfield>
         <marc:subfield code="c">Hamburg</marc:subfield>
         <marc:subfield code="j">VerfasserIn</marc:subfield>
         <marc:subfield code="0">(DE-588)10087131-8</marc:subfield>
         <marc:subfield code="0">(DE-627)394691512</marc:subfield>
         <marc:subfield code="0">(DE-576)199976961</marc:subfield>
         <marc:subfield code="4">aut</marc:subfield>
      </marc:datafield>
      <marc:datafield tag="245" ind1="1" ind2="0">
         <marc:subfield code="a">Stigmata</marc:subfield>
         <marc:subfield code="b">Poetiken der Körperinschrift ; [Tagung Hamburg, Dezember 2000]</marc:subfield>
         <marc:subfield code="c">Bettine Menke, Barbara Vinken (Hrsg.)</marc:subfield>
      </marc:datafield>
      <marc:datafield tag="264" ind1=" " ind2="1">
         <marc:subfield code="a">Paderborn</marc:subfield>
         <marc:subfield code="b">Fink</marc:subfield>
         <marc:subfield code="c">2004</marc:subfield>
      </marc:datafield>
      <marc:datafield tag="300" ind1=" " ind2=" ">
         <marc:subfield code="a">384 S.</marc:subfield>
         <marc:subfield code="b">Ill.</marc:subfield>
         <marc:subfield code="c">24 cm</marc:subfield>
      </marc:datafield>
      <marc:datafield tag="336" ind1=" " ind2=" ">
         <marc:subfield code="a">Text</marc:subfield>
         <marc:subfield code="b">txt</marc:subfield>
         <marc:subfield code="2">rdacontent</marc:subfield>
      </marc:datafield>
      <marc:datafield tag="337" ind1=" " ind2=" ">
         <marc:subfield code="a">ohne Hilfsmittel zu benutzen</marc:subfield>
         <marc:subfield code="b">n</marc:subfield>
         <marc:subfield code="2">rdamedia</marc:subfield>
      </marc:datafield>
      <marc:datafield tag="338" ind1=" " ind2=" ">
         <marc:subfield code="a">Band</marc:subfield>
         <marc:subfield code="b">nc</marc:subfield>
         <marc:subfield code="2">rdacarrier</marc:subfield>
      </marc:datafield>
      <marc:datafield tag="520" ind1=" " ind2=" ">
         <marc:subfield code="a">In einem ganz wörtlichen Sinne erlebt das Stigma gegen Ende des 20. Jahrhunderts als Branding und Piercing eine unter die Haut gehende Renaissance. In einer schwer durchschaubaren Ungleichzeitigkeit des Gleichzeitigen stehen diese modischen Praktiken mit den Manifestationen der Stigmata im engeren Sinne: den Malen, die dem Körper Jesu Christi in der Passion zugefügt wurden und noch seinen verklärten, auferstandenen Körper zeichnen. Seit Franz von Assisi ist eine kleine Schar von Auserwählten mit diesen Malen gezeichnet worden. Stigmata sind geistige Wunden als Manifestationen der imitatio Christi in einer komplexen Zeichengebung zwischen Wiederholung und Neueinsatz. Dadurch wird der Körper in einen anderen verwandelt, zum Schauplatz einer Präsenz gemacht, die ebenso korporal wie figural und mimetisch ist. Am Phänomen der Stigmata haben die unterschiedlichsten Disziplinen ihre semantischen und referenztheoretischen Grenzen erfahren. Die Erklärungsversuche von Theologie und Medizin, Recht, Psychologie und Psychoanalyse sind oft der Selbstaufklärung ihrer Wirklichkeitsannahmen dienlicher als der Erhellung der Phänomene. Diese Annahmen und die durch sie begründeten Modelle des Wissens werden daher in dem vorliegenden Band ebenso zum Gegenstand der Analysen wie die Darstellungsordnungen und -medien, mit denen das Phänomen der Stigmata verbunden ist. Aus dem Inhalt Einleitung: Stigmata - Zur Archäologie eines trügerischen Phänomens in Mittelalter und Moderne BARBARA VINKEN Via crucis, via amoris BETTINE MENKE Nachträglichkeit und Beglaubigungen I Urszene, Deckerinnerungen (Antike) SUSANNA ELM Marking the Self in Late Antiquity. Inscriptions, Baptism and the Conversion of Mimes ANSELM HAVERKAMP Christ's Case. The Triumph of Sado-Masochism II Refiguration, Traditionsbildung (Mittelalter, Barock) CHIARA FRUGONI "Ad imaginem et similitudinem nostram". Der Heilige Franziskus und die Erfindung der Stigmata CAROLINE WALKER BYNUM Die Frau als Körper und Nahrung NIKLAUS LARGIER Die Logik der Erregung. Franz von Assisi, Teresa von Avila und Thérèse philosophe BERNHARD TEUBER Sichtbare Wundmale und unsichtbare Durchbohrung. Die leibhafte Nachfolge Christi als Paradigma des anhermeneutischen Schreibens WOLFGANG SCHÄFFNER Die Wunder des San Francesco d'Assisi und der Therese Neumann. Elemente einer Mediengeschichte des Stigmas ULRIKE SPRENGER Köpfe und Körper. Flagellanten, Historiographie und Hagiographie in Sevilla CHRISTOPHE ...</marc:subfield>
      </marc:datafield>
      <marc:datafield tag="546" ind1=" " ind2=" ">
         <marc:subfield code="a">Beitr. überw. dt., teilw. engl.</marc:subfield>
      </marc:datafield>
      <marc:datafield tag="591" ind1=" " ind2=" ">
         <marc:subfield code="a">720:L1UB ; IMD-Felder und 1131 maschinell ergänzt (SWB)</marc:subfield>
      </marc:datafield>
      <marc:datafield tag="650" ind1=" " ind2="4">
         <marc:subfield code="a">Stimatization</marc:subfield>
      </marc:datafield>
      <marc:datafield tag="650" ind1=" " ind2="4">
         <marc:subfield code="a">Kultursoziologie</marc:subfield>
      </marc:datafield>
      <marc:datafield tag="650" ind1=" " ind2="4">
         <marc:subfield code="a">Körper</marc:subfield>
      </marc:datafield>
      <marc:datafield tag="650" ind1=" " ind2="4">
         <marc:subfield code="a">Stigmata</marc:subfield>
      </marc:datafield>
      <marc:datafield tag="650" ind1=" " ind2="4">
         <marc:subfield code="a">Branding</marc:subfield>
      </marc:datafield>
      <marc:datafield tag="650" ind1=" " ind2="4">
         <marc:subfield code="a">Piercing</marc:subfield>
      </marc:datafield>
      <marc:datafield tag="655" ind1=" " ind2="7">
         <marc:subfield code="a">Konferenzschrift</marc:subfield>
         <marc:subfield code="y">2000</marc:subfield>
         <marc:subfield code="z">Hamburg</marc:subfield>
         <marc:subfield code="0">(DE-588)1071861417</marc:subfield>
         <marc:subfield code="0">(DE-627)826484824</marc:subfield>
         <marc:subfield code="0">(DE-576)433375485</marc:subfield>
         <marc:subfield code="2">gnd-content</marc:subfield>
      </marc:datafield>
      <marc:datafield tag="689" ind1="0" ind2="0">
         <marc:subfield code="D">s</marc:subfield>
         <marc:subfield code="0">(DE-588)4057560-3</marc:subfield>
         <marc:subfield code="0">(DE-627)106150553</marc:subfield>
         <marc:subfield code="0">(DE-576)20912251X</marc:subfield>
         <marc:subfield code="a">Stigmatisation</marc:subfield>
         <marc:subfield code="2">gnd</marc:subfield>
      </marc:datafield>
      <marc:datafield tag="689" ind1="0" ind2="1">
         <marc:subfield code="A">z</marc:subfield>
         <marc:subfield code="2">gnd</marc:subfield>
         <marc:subfield code="a">Geschichte</marc:subfield>
      </marc:datafield>
      <marc:datafield tag="689" ind1="0" ind2=" ">
         <marc:subfield code="5">DE-101</marc:subfield>
      </marc:datafield>
      <marc:datafield tag="689" ind1="1" ind2="0">
         <marc:subfield code="D">s</marc:subfield>
         <marc:subfield code="0">(DE-588)4057560-3</marc:subfield>
         <marc:subfield code="0">(DE-627)106150553</marc:subfield>
         <marc:subfield code="0">(DE-576)20912251X</marc:subfield>
         <marc:subfield code="a">Stigmatisation</marc:subfield>
         <marc:subfield code="2">gnd</marc:subfield>
      </marc:datafield>
      <marc:datafield tag="689" ind1="1" ind2="1">
         <marc:subfield code="A">z</marc:subfield>
         <marc:subfield code="2">gnd</marc:subfield>
         <marc:subfield code="a">Geschichte</marc:subfield>
      </marc:datafield>
      <marc:datafield tag="689" ind1="1" ind2=" ">
         <marc:subfield code="5">(DE-627)</marc:subfield>
      </marc:datafield>
      <marc:datafield tag="700" ind1="1" ind2=" ">
         <marc:subfield code="a">Menke, Bettine</marc:subfield>
         <marc:subfield code="d">1957-</marc:subfield>
         <marc:subfield code="e">HerausgeberIn</marc:subfield>
         <marc:subfield code="0">(DE-588)112578233</marc:subfield>
         <marc:subfield code="0">(DE-627)565690728</marc:subfield>
         <marc:subfield code="0">(DE-576)164637664</marc:subfield>
         <marc:subfield code="4">edt</marc:subfield>
      </marc:datafield>
      <marc:datafield tag="700" ind1="1" ind2=" ">
         <marc:subfield code="a">Vinken, Barbara</marc:subfield>
         <marc:subfield code="d">1960-</marc:subfield>
         <marc:subfield code="e">HerausgeberIn</marc:subfield>
         <marc:subfield code="0">(DE-588)115577254</marc:subfield>
         <marc:subfield code="0">(DE-627)077339959</marc:subfield>
         <marc:subfield code="0">(DE-576)166092177</marc:subfield>
         <marc:subfield code="4">edt</marc:subfield>
      </marc:datafield>
      <marc:datafield tag="776" ind1="0" ind2="8">
         <marc:subfield code="i">Online-Ausg.</marc:subfield>
         <marc:subfield code="t">Stigmata</marc:subfield>
         <marc:subfield code="d">München : Fink, 2004</marc:subfield>
         <marc:subfield code="h">384 S.</marc:subfield>
         <marc:subfield code="w">(DE-627)1652440763</marc:subfield>
         <marc:subfield code="w">(DE-576)383350832</marc:subfield>
      </marc:datafield>
      <marc:datafield tag="856" ind1="4" ind2="2">
         <marc:subfield code="u">http://swbplus.bsz-bw.de/bsz109568540inh.htm</marc:subfield>
         <marc:subfield code="m">V:DE-576</marc:subfield>
         <marc:subfield code="q">text/html</marc:subfield>
         <marc:subfield code="3">Inhaltsverzeichnis</marc:subfield>
      </marc:datafield>
      <marc:datafield tag="935" ind1=" " ind2=" ">
         <marc:subfield code="i">Blocktest</marc:subfield>
      </marc:datafield>
      <marc:datafield tag="936" ind1="r" ind2="v">
         <marc:subfield code="a">XC 2700</marc:subfield>
         <marc:subfield code="b">Allgemeines</marc:subfield>
         <marc:subfield code="k">Medizin</marc:subfield>
         <marc:subfield code="k">Allgemeine Medizin, Krankenhauswesen, Krankenpflege</marc:subfield>
         <marc:subfield code="k">Medizin und Geisteswissenschaften</marc:subfield>
         <marc:subfield code="k">Medizin und Theologie, Religion, Pastoralmedizin</marc:subfield>
         <marc:subfield code="k">Allgemeines</marc:subfield>
         <marc:subfield code="0">(DE-627)1271687496</marc:subfield>
         <marc:subfield code="0">(DE-625)rvk/152506:12905</marc:subfield>
         <marc:subfield code="0">(DE-576)201687496</marc:subfield>
      </marc:datafield>
      <marc:datafield tag="936" ind1="r" ind2="v">
         <marc:subfield code="a">AP 84250</marc:subfield>
         <marc:subfield code="b">Kult und Religion</marc:subfield>
         <marc:subfield code="k">Allgemeines</marc:subfield>
         <marc:subfield code="k">Medien- und Kommunikationswissenschaften, Kommunikationsdesign</marc:subfield>
         <marc:subfield code="k">Tanz</marc:subfield>
         <marc:subfield code="k">Natur und Kultur des Tanzes, Forschung</marc:subfield>
         <marc:subfield code="k">Kult und Religion</marc:subfield>
         <marc:subfield code="0">(DE-627)1270693417</marc:subfield>
         <marc:subfield code="0">(DE-625)rvk/8034:</marc:subfield>
         <marc:subfield code="0">(DE-576)200693417</marc:subfield>
      </marc:datafield>
      <marc:datafield tag="936" ind1="b" ind2="k">
         <marc:subfield code="a">08.42</marc:subfield>
         <marc:subfield code="j">Kulturphilosophie</marc:subfield>
         <marc:subfield code="0">(DE-627)106403036</marc:subfield>
      </marc:datafield>
      <marc:datafield tag="936" ind1="b" ind2="k">
         <marc:subfield code="a">17.93</marc:subfield>
         <marc:subfield code="j">Literarische Stoffe</marc:subfield>
         <marc:subfield code="j">literarische Motive</marc:subfield>
         <marc:subfield code="j">literarische Themen</marc:subfield>
         <marc:subfield code="0">(DE-627)106404490</marc:subfield>
      </marc:datafield>
      <marc:datafield tag="936" ind1="b" ind2="k">
         <marc:subfield code="a">18.00</marc:subfield>
         <marc:subfield code="j">Einzelne Sprachen und Literaturen allgemein</marc:subfield>
         <marc:subfield code="0">(DE-627)106405403</marc:subfield>
      </marc:datafield>
      <marc:datafield tag="951" ind1=" " ind2=" ">
         <marc:subfield code="a">BO</marc:subfield>
      </marc:datafield>
   </marc:record>