
   <marc:record>
      <marc:leader>     cam a22        4500</marc:leader>
      <marc:controlfield tag="001">10896471X</marc:controlfield>
      <marc:controlfield tag="003">DE-576</marc:controlfield>
      <marc:controlfield tag="005">20210506161110.0</marc:controlfield>
      <marc:controlfield tag="007">tu</marc:controlfield>
      <marc:controlfield tag="008">031219s2004    gw |||||      00| ||ger c</marc:controlfield>
      <marc:datafield tag="015" ind1=" " ind2=" ">
         <marc:subfield code="a">04,N01,0674</marc:subfield>
         <marc:subfield code="2">dnb</marc:subfield>
      </marc:datafield>
      <marc:datafield tag="016" ind1="7" ind2=" ">
         <marc:subfield code="a">969437935</marc:subfield>
         <marc:subfield code="2">DE-101</marc:subfield>
      </marc:datafield>
      <marc:datafield tag="020" ind1=" " ind2=" ">
         <marc:subfield code="a">9783879098293</marc:subfield>
         <marc:subfield code="c"> : Pb. : ca. EUR 14.80, ca. CHF 26.60</marc:subfield>
         <marc:subfield code="9">978-3-87909-829-3</marc:subfield>
      </marc:datafield>
      <marc:datafield tag="020" ind1=" " ind2=" ">
         <marc:subfield code="a">3879098298</marc:subfield>
         <marc:subfield code="c">Pb. : ca. EUR 14.80, ca. CHF 26.60</marc:subfield>
         <marc:subfield code="9">3-87909-829-8</marc:subfield>
      </marc:datafield>
      <marc:datafield tag="024" ind1="3" ind2=" ">
         <marc:subfield code="a">9783879098293</marc:subfield>
      </marc:datafield>
      <marc:datafield tag="035" ind1=" " ind2=" ">
         <marc:subfield code="a">(DE-627)375987010</marc:subfield>
      </marc:datafield>
      <marc:datafield tag="035" ind1=" " ind2=" ">
         <marc:subfield code="a">(DE-576)10896471X</marc:subfield>
      </marc:datafield>
      <marc:datafield tag="035" ind1=" " ind2=" ">
         <marc:subfield code="a">(DE-599)DNB969437935</marc:subfield>
      </marc:datafield>
      <marc:datafield tag="035" ind1=" " ind2=" ">
         <marc:subfield code="a">(OCoLC)249132683</marc:subfield>
      </marc:datafield>
      <marc:datafield tag="035" ind1=" " ind2=" ">
         <marc:subfield code="a">(OCoLC)54825287</marc:subfield>
      </marc:datafield>
      <marc:datafield tag="035" ind1=" " ind2=" ">
         <marc:subfield code="a">(OCoLC)249132683</marc:subfield>
      </marc:datafield>
      <marc:datafield tag="035" ind1=" " ind2=" ">
         <marc:subfield code="a">(DE-478)952264209</marc:subfield>
      </marc:datafield>
      <marc:datafield tag="040" ind1=" " ind2=" ">
         <marc:subfield code="a">DE-576</marc:subfield>
         <marc:subfield code="b">ger</marc:subfield>
         <marc:subfield code="c">DE-576</marc:subfield>
         <marc:subfield code="e">rakwb</marc:subfield>
      </marc:datafield>
      <marc:datafield tag="041" ind1=" " ind2=" ">
         <marc:subfield code="a">ger</marc:subfield>
      </marc:datafield>
      <marc:datafield tag="044" ind1=" " ind2=" ">
         <marc:subfield code="c">XA-DE</marc:subfield>
         <marc:subfield code="c">XA-DE-NW</marc:subfield>
      </marc:datafield>
      <marc:datafield tag="050" ind1=" " ind2="0">
         <marc:subfield code="a">NX305.A1</marc:subfield>
      </marc:datafield>
      <marc:datafield tag="082" ind1="0" ind2=" ">
         <marc:subfield code="a">780.71</marc:subfield>
         <marc:subfield code="q">Offline MPIB</marc:subfield>
      </marc:datafield>
      <marc:datafield tag="082" ind1="0" ind2="4">
         <marc:subfield code="a">370</marc:subfield>
      </marc:datafield>
      <marc:datafield tag="084" ind1=" " ind2=" ">
         <marc:subfield code="a">ALLG 450</marc:subfield>
         <marc:subfield code="2">sfb</marc:subfield>
      </marc:datafield>
      <marc:datafield tag="084" ind1=" " ind2=" ">
         <marc:subfield code="a">PÄ 415</marc:subfield>
         <marc:subfield code="2">sfb</marc:subfield>
      </marc:datafield>
      <marc:datafield tag="084" ind1=" " ind2=" ">
         <marc:subfield code="a">5,3</marc:subfield>
         <marc:subfield code="2">ssgn</marc:subfield>
      </marc:datafield>
      <marc:datafield tag="084" ind1=" " ind2=" ">
         <marc:subfield code="a">DG 9000</marc:subfield>
         <marc:subfield code="q">OBV</marc:subfield>
         <marc:subfield code="2">rvk</marc:subfield>
         <marc:subfield code="0">(DE-625)rvk/19563:</marc:subfield>
      </marc:datafield>
      <marc:datafield tag="084" ind1=" " ind2=" ">
         <marc:subfield code="a">DP 6600</marc:subfield>
         <marc:subfield code="2">rvk</marc:subfield>
         <marc:subfield code="0">(DE-625)rvk/19862:12010</marc:subfield>
      </marc:datafield>
      <marc:datafield tag="084" ind1=" " ind2=" ">
         <marc:subfield code="a">DW 1700</marc:subfield>
         <marc:subfield code="q">OBV</marc:subfield>
         <marc:subfield code="2">rvk</marc:subfield>
         <marc:subfield code="0">(DE-625)rvk/20269:761</marc:subfield>
      </marc:datafield>
      <marc:datafield tag="084" ind1=" " ind2=" ">
         <marc:subfield code="a">LT 56900</marc:subfield>
         <marc:subfield code="q">BVB</marc:subfield>
         <marc:subfield code="2">rvk</marc:subfield>
         <marc:subfield code="0">(DE-625)rvk/111557:</marc:subfield>
      </marc:datafield>
      <marc:datafield tag="084" ind1=" " ind2=" ">
         <marc:subfield code="a">DI 1000</marc:subfield>
         <marc:subfield code="2">rvk</marc:subfield>
         <marc:subfield code="0">(DE-625)rvk/19574:761</marc:subfield>
      </marc:datafield>
      <marc:datafield tag="084" ind1=" " ind2=" ">
         <marc:subfield code="a">AK 85900</marc:subfield>
         <marc:subfield code="2">rvk</marc:subfield>
         <marc:subfield code="0">(DE-625)rvk/2711:</marc:subfield>
      </marc:datafield>
      <marc:datafield tag="084" ind1=" " ind2=" ">
         <marc:subfield code="a">02.15</marc:subfield>
         <marc:subfield code="2">bkl</marc:subfield>
      </marc:datafield>
      <marc:datafield tag="084" ind1=" " ind2=" ">
         <marc:subfield code="a">79.62</marc:subfield>
         <marc:subfield code="2">bkl</marc:subfield>
      </marc:datafield>
      <marc:datafield tag="090" ind1=" " ind2=" ">
         <marc:subfield code="a">a</marc:subfield>
      </marc:datafield>
      <marc:datafield tag="245" ind1="1" ind2="0">
         <marc:subfield code="a">Kinder zum Olymp!</marc:subfield>
         <marc:subfield code="b">Wege zur Kultur für Kinder und Jugendliche ; [eine Initiative der Kulturstiftung der Länder gemeinsam mit Wolfgang Edelstein ...]</marc:subfield>
         <marc:subfield code="c">hrsg. von Karin v. Welck ...</marc:subfield>
      </marc:datafield>
      <marc:datafield tag="264" ind1=" " ind2="1">
         <marc:subfield code="a">Köln</marc:subfield>
         <marc:subfield code="b">Wienand</marc:subfield>
         <marc:subfield code="c">2004</marc:subfield>
      </marc:datafield>
      <marc:datafield tag="300" ind1=" " ind2=" ">
         <marc:subfield code="a">352 S.</marc:subfield>
         <marc:subfield code="b">Ill., Kt.</marc:subfield>
         <marc:subfield code="c">240 mm x 160 mm</marc:subfield>
      </marc:datafield>
      <marc:datafield tag="336" ind1=" " ind2=" ">
         <marc:subfield code="a">Text</marc:subfield>
         <marc:subfield code="b">txt</marc:subfield>
         <marc:subfield code="2">rdacontent</marc:subfield>
      </marc:datafield>
      <marc:datafield tag="337" ind1=" " ind2=" ">
         <marc:subfield code="a">ohne Hilfsmittel zu benutzen</marc:subfield>
         <marc:subfield code="b">n</marc:subfield>
         <marc:subfield code="2">rdamedia</marc:subfield>
      </marc:datafield>
      <marc:datafield tag="338" ind1=" " ind2=" ">
         <marc:subfield code="a">Band</marc:subfield>
         <marc:subfield code="b">nc</marc:subfield>
         <marc:subfield code="2">rdacarrier</marc:subfield>
      </marc:datafield>
      <marc:datafield tag="500" ind1=" " ind2=" ">
         <marc:subfield code="a">hrsg. von Karin v. Welck und Margarete Schweizer</marc:subfield>
      </marc:datafield>
      <marc:datafield tag="520" ind1=" " ind2=" ">
         <marc:subfield code="a">In dem vorliegenden von der Kulturstiftung der Länder in Auftrag gegebenen Band werden 85 beispielhafte und ermutigende Kulturprojekte mit Kindern aus allen Teilen Deutschlands vorgestellt. Die präsentierten Projekte stammen aus den Bereichen Musik, Kunst/Kulturgeschichte, Theater, Tanz, Literatur sowie Medien. Sie werden auf ca. 2-4 Seiten einschl. der Angabe der Ansprechpartner/innen beschrieben. Ergänzend dazu werden in kurzen Aufsätzen aktuelle wissenschaftliche Forschungsergebnisse zu den Themen "Kinder und Kultur" wiedergegeben. Ein Titel mit vielen Anregungen für eigene Projekte. Für Bibliotheken sind natürlich insbesondere die Literaturprojekte interessant. Für eine umfassende Zielgruppe: Pädagogen/innen jeglicher Couleur. Mit Serviceteil: Adressen von Institutionen, Verbänden und Vereinen. (2)</marc:subfield>
      </marc:datafield>
      <marc:datafield tag="591" ind1=" " ind2=" ">
         <marc:subfield code="a">720 ddsu/sbo  NR/KNWEPH; 5090: ddsu/sred ; IMD-Felder und 1131 maschinell ergänzt (SWB)</marc:subfield>
      </marc:datafield>
      <marc:datafield tag="650" ind1=" " ind2="4">
         <marc:subfield code="a">Arts and children</marc:subfield>
      </marc:datafield>
      <marc:datafield tag="650" ind1=" " ind2="4">
         <marc:subfield code="a">Arts</marc:subfield>
         <marc:subfield code="x">Study and teaching</marc:subfield>
         <marc:subfield code="x">Activity programs</marc:subfield>
         <marc:subfield code="x">Germany</marc:subfield>
      </marc:datafield>
      <marc:datafield tag="650" ind1=" " ind2="4">
         <marc:subfield code="a">Arts</marc:subfield>
         <marc:subfield code="x">Study and teaching</marc:subfield>
         <marc:subfield code="x">Germany</marc:subfield>
      </marc:datafield>
      <marc:datafield tag="650" ind1=" " ind2="4">
         <marc:subfield code="a">Culture</marc:subfield>
         <marc:subfield code="x">Study and teaching</marc:subfield>
         <marc:subfield code="x">Activity programs</marc:subfield>
         <marc:subfield code="x">Germany</marc:subfield>
      </marc:datafield>
      <marc:datafield tag="650" ind1=" " ind2="4">
         <marc:subfield code="a">Culture</marc:subfield>
         <marc:subfield code="x">Study and teaching</marc:subfield>
         <marc:subfield code="x">Germany</marc:subfield>
      </marc:datafield>
      <marc:datafield tag="650" ind1=" " ind2="4">
         <marc:subfield code="a">Künste</marc:subfield>
      </marc:datafield>
      <marc:datafield tag="650" ind1=" " ind2="4">
         <marc:subfield code="a">Jugendkulturarbeit</marc:subfield>
      </marc:datafield>
      <marc:datafield tag="650" ind1=" " ind2="4">
         <marc:subfield code="a">Musische Erziehung</marc:subfield>
      </marc:datafield>
      <marc:datafield tag="650" ind1=" " ind2="4">
         <marc:subfield code="a">Aufsatzsammlung</marc:subfield>
      </marc:datafield>
      <marc:datafield tag="655" ind1=" " ind2="7">
         <marc:subfield code="a">Aufsatzsammlung</marc:subfield>
         <marc:subfield code="0">(DE-588)4143413-4</marc:subfield>
         <marc:subfield code="0">(DE-627)105605727</marc:subfield>
         <marc:subfield code="0">(DE-576)209726091</marc:subfield>
         <marc:subfield code="2">gnd-content</marc:subfield>
      </marc:datafield>
      <marc:datafield tag="689" ind1="0" ind2="0">
         <marc:subfield code="D">s</marc:subfield>
         <marc:subfield code="0">(DE-588)4033422-3</marc:subfield>
         <marc:subfield code="0">(DE-627)106257315</marc:subfield>
         <marc:subfield code="0">(DE-576)209001933</marc:subfield>
         <marc:subfield code="a">Künste</marc:subfield>
         <marc:subfield code="2">gnd</marc:subfield>
      </marc:datafield>
      <marc:datafield tag="689" ind1="0" ind2="1">
         <marc:subfield code="D">s</marc:subfield>
         <marc:subfield code="0">(DE-588)4162843-3</marc:subfield>
         <marc:subfield code="0">(DE-627)105459232</marc:subfield>
         <marc:subfield code="0">(DE-576)209876603</marc:subfield>
         <marc:subfield code="a">Jugendkulturarbeit</marc:subfield>
         <marc:subfield code="2">gnd</marc:subfield>
      </marc:datafield>
      <marc:datafield tag="689" ind1="0" ind2=" ">
         <marc:subfield code="5">DE-101</marc:subfield>
      </marc:datafield>
      <marc:datafield tag="689" ind1="1" ind2="0">
         <marc:subfield code="D">s</marc:subfield>
         <marc:subfield code="0">(DE-588)4040890-5</marc:subfield>
         <marc:subfield code="0">(DE-627)106221248</marc:subfield>
         <marc:subfield code="0">(DE-576)209042605</marc:subfield>
         <marc:subfield code="a">Musische Erziehung</marc:subfield>
         <marc:subfield code="2">gnd</marc:subfield>
      </marc:datafield>
      <marc:datafield tag="689" ind1="1" ind2=" ">
         <marc:subfield code="5">DE-101</marc:subfield>
      </marc:datafield>
      <marc:datafield tag="700" ind1="1" ind2=" ">
         <marc:subfield code="a">Welck, Karin von</marc:subfield>
         <marc:subfield code="d">1947-</marc:subfield>
         <marc:subfield code="e">Hrsg.</marc:subfield>
         <marc:subfield code="0">(DE-588)108448266</marc:subfield>
         <marc:subfield code="0">(DE-627)52140469X</marc:subfield>
         <marc:subfield code="0">(DE-576)163520828</marc:subfield>
         <marc:subfield code="4">edt</marc:subfield>
      </marc:datafield>
      <marc:datafield tag="700" ind1="1" ind2=" ">
         <marc:subfield code="a">Schweizer, Margarete</marc:subfield>
         <marc:subfield code="d">1951-</marc:subfield>
         <marc:subfield code="e">Hrsg.</marc:subfield>
         <marc:subfield code="0">(DE-588)131357522</marc:subfield>
         <marc:subfield code="0">(DE-627)707608163</marc:subfield>
         <marc:subfield code="0">(DE-576)298427303</marc:subfield>
         <marc:subfield code="4">edt</marc:subfield>
      </marc:datafield>
      <marc:datafield tag="700" ind1="1" ind2=" ">
         <marc:subfield code="a">Edelstein, Wolfgang</marc:subfield>
         <marc:subfield code="d">1929-2020</marc:subfield>
         <marc:subfield code="0">(DE-588)122174291</marc:subfield>
         <marc:subfield code="0">(DE-627)081782128</marc:subfield>
         <marc:subfield code="0">(DE-576)160825938</marc:subfield>
         <marc:subfield code="4">oth</marc:subfield>
      </marc:datafield>
      <marc:datafield tag="710" ind1="2" ind2=" ">
         <marc:subfield code="a">Kulturstiftung der Länder</marc:subfield>
         <marc:subfield code="0">(DE-588)2100936-3</marc:subfield>
         <marc:subfield code="0">(DE-627)10090193X</marc:subfield>
         <marc:subfield code="0">(DE-576)193128640</marc:subfield>
         <marc:subfield code="4">oth</marc:subfield>
      </marc:datafield>
      <marc:datafield tag="856" ind1="4" ind2="2">
         <marc:subfield code="u">https://www.gbv.de/dms/mpib-toc/375987010.pdf</marc:subfield>
         <marc:subfield code="m">V:DE-601</marc:subfield>
         <marc:subfield code="m">B:B-1532</marc:subfield>
         <marc:subfield code="q">pdf/application</marc:subfield>
         <marc:subfield code="3">Inhaltsverzeichnis</marc:subfield>
      </marc:datafield>
      <marc:datafield tag="935" ind1=" " ind2=" ">
         <marc:subfield code="i">sf</marc:subfield>
      </marc:datafield>
      <marc:datafield tag="935" ind1=" " ind2=" ">
         <marc:subfield code="i">Blocktest</marc:subfield>
      </marc:datafield>
      <marc:datafield tag="936" ind1="r" ind2="v">
         <marc:subfield code="a">DG 9000</marc:subfield>
         <marc:subfield code="b">Musische Erziehung</marc:subfield>
         <marc:subfield code="k">Pädagogik</marc:subfield>
         <marc:subfield code="k">Spezialfragen der Erziehung</marc:subfield>
         <marc:subfield code="k">Musische Erziehung</marc:subfield>
         <marc:subfield code="0">(DE-627)1270769529</marc:subfield>
         <marc:subfield code="0">(DE-625)rvk/19563:</marc:subfield>
         <marc:subfield code="0">(DE-576)200769529</marc:subfield>
      </marc:datafield>
      <marc:datafield tag="936" ind1="r" ind2="v">
         <marc:subfield code="a">DP 6600</marc:subfield>
         <marc:subfield code="b">Allgemeines</marc:subfield>
         <marc:subfield code="k">Pädagogik</marc:subfield>
         <marc:subfield code="k">Didaktik und Methodik des Unterrichts</marc:subfield>
         <marc:subfield code="k">Didaktik einzelner Sachgebiete und Themen</marc:subfield>
         <marc:subfield code="k">Fächerübergreifende Unterrichtsgebiete</marc:subfield>
         <marc:subfield code="k">Musische Erziehung</marc:subfield>
         <marc:subfield code="k">Allgemeines</marc:subfield>
         <marc:subfield code="0">(DE-627)127078370X</marc:subfield>
         <marc:subfield code="0">(DE-625)rvk/19862:12010</marc:subfield>
         <marc:subfield code="0">(DE-576)20078370X</marc:subfield>
      </marc:datafield>
      <marc:datafield tag="936" ind1="r" ind2="v">
         <marc:subfield code="a">DW 1700</marc:subfield>
         <marc:subfield code="b">Allgemeines und Deutschland</marc:subfield>
         <marc:subfield code="k">Pädagogik</marc:subfield>
         <marc:subfield code="k">Erwachsenenbildung und Jugendbildung</marc:subfield>
         <marc:subfield code="k">Außerschulische Jugendbildung</marc:subfield>
         <marc:subfield code="k">Allgemeines und Deutschland</marc:subfield>
         <marc:subfield code="0">(DE-627)1270813293</marc:subfield>
         <marc:subfield code="0">(DE-625)rvk/20269:761</marc:subfield>
         <marc:subfield code="0">(DE-576)200813293</marc:subfield>
      </marc:datafield>
      <marc:datafield tag="936" ind1="r" ind2="v">
         <marc:subfield code="a">LT 56900</marc:subfield>
         <marc:subfield code="b">Allgemeines, Gesamtdarstellungen, Einführungen, Handbücher</marc:subfield>
         <marc:subfield code="k">Musikwissenschaft</marc:subfield>
         <marc:subfield code="k">II. Musica practica</marc:subfield>
         <marc:subfield code="k">Sachteil: Musica practica (einschl. Realien mit geographischem Bezug)</marc:subfield>
         <marc:subfield code="k">Musikpädagogik</marc:subfield>
         <marc:subfield code="k">Allgemeines, Gesamtdarstellungen, Einführungen, Handbücher</marc:subfield>
         <marc:subfield code="0">(DE-627)1272552829</marc:subfield>
         <marc:subfield code="0">(DE-625)rvk/111557:</marc:subfield>
         <marc:subfield code="0">(DE-576)202552829</marc:subfield>
      </marc:datafield>
      <marc:datafield tag="936" ind1="r" ind2="v">
         <marc:subfield code="a">DI 1000</marc:subfield>
         <marc:subfield code="b">Allgemeines und Deutschland</marc:subfield>
         <marc:subfield code="k">Pädagogik</marc:subfield>
         <marc:subfield code="k">Bildungspolitik, Kulturpolitik</marc:subfield>
         <marc:subfield code="k">Bildungs- und Kulturpolitik, Allgemeines</marc:subfield>
         <marc:subfield code="k">Allgemeines und Deutschland</marc:subfield>
         <marc:subfield code="0">(DE-627)127070902X</marc:subfield>
         <marc:subfield code="0">(DE-625)rvk/19574:761</marc:subfield>
         <marc:subfield code="0">(DE-576)20070902X</marc:subfield>
      </marc:datafield>
      <marc:datafield tag="936" ind1="r" ind2="v">
         <marc:subfield code="a">AK 85900</marc:subfield>
         <marc:subfield code="b">Museum und Bildung, Museumspädagogik, Museumsdidaktik</marc:subfield>
         <marc:subfield code="k">Allgemeines</marc:subfield>
         <marc:subfield code="k">Museumswesen, Museologie, Museumswissenschaft</marc:subfield>
         <marc:subfield code="k">Museumstheorie, Beziehungen</marc:subfield>
         <marc:subfield code="k">Museum und Bildung, Museumspädagogik, Museumsdidaktik</marc:subfield>
         <marc:subfield code="0">(DE-627)127065800X</marc:subfield>
         <marc:subfield code="0">(DE-625)rvk/2711:</marc:subfield>
         <marc:subfield code="0">(DE-576)20065800X</marc:subfield>
      </marc:datafield>
      <marc:datafield tag="936" ind1="b" ind2="k">
         <marc:subfield code="a">02.15</marc:subfield>
         <marc:subfield code="j">Wissenschaftspolitik</marc:subfield>
         <marc:subfield code="j">Kulturpolitik</marc:subfield>
         <marc:subfield code="0">(DE-627)106412582</marc:subfield>
      </marc:datafield>
      <marc:datafield tag="936" ind1="b" ind2="k">
         <marc:subfield code="a">79.62</marc:subfield>
         <marc:subfield code="j">Kulturarbeit</marc:subfield>
         <marc:subfield code="0">(DE-627)106411446</marc:subfield>
      </marc:datafield>
      <marc:datafield tag="951" ind1=" " ind2=" ">
         <marc:subfield code="a">BO</marc:subfield>
      </marc:datafield>
   </marc:record>