
   <marc:record>
      <marc:leader>     cam a22        4500</marc:leader>
      <marc:controlfield tag="001">111075653</marc:controlfield>
      <marc:controlfield tag="003">DE-576</marc:controlfield>
      <marc:controlfield tag="005">20201218223645.0</marc:controlfield>
      <marc:controlfield tag="007">tu</marc:controlfield>
      <marc:controlfield tag="008">031126s2003    gw ||||| m    00| ||ger c</marc:controlfield>
      <marc:datafield tag="015" ind1=" " ind2=" ">
         <marc:subfield code="a">03,N50,1065</marc:subfield>
         <marc:subfield code="2">dnb</marc:subfield>
      </marc:datafield>
      <marc:datafield tag="016" ind1="7" ind2=" ">
         <marc:subfield code="a">969301898</marc:subfield>
         <marc:subfield code="2">DE-101</marc:subfield>
      </marc:datafield>
      <marc:datafield tag="020" ind1=" " ind2=" ">
         <marc:subfield code="a">3879887969</marc:subfield>
         <marc:subfield code="c">Pb. : EUR 19.80</marc:subfield>
         <marc:subfield code="9">3-87988-796-9</marc:subfield>
      </marc:datafield>
      <marc:datafield tag="024" ind1="3" ind2=" ">
         <marc:subfield code="a">9783879887965</marc:subfield>
      </marc:datafield>
      <marc:datafield tag="035" ind1=" " ind2=" ">
         <marc:subfield code="a">(DE-627)374160406</marc:subfield>
      </marc:datafield>
      <marc:datafield tag="035" ind1=" " ind2=" ">
         <marc:subfield code="a">(DE-576)111075653</marc:subfield>
      </marc:datafield>
      <marc:datafield tag="035" ind1=" " ind2=" ">
         <marc:subfield code="a">(DE-599)DNB969301898</marc:subfield>
      </marc:datafield>
      <marc:datafield tag="035" ind1=" " ind2=" ">
         <marc:subfield code="a">(OCoLC)249261537</marc:subfield>
      </marc:datafield>
      <marc:datafield tag="035" ind1=" " ind2=" ">
         <marc:subfield code="a">(OCoLC)57476399</marc:subfield>
      </marc:datafield>
      <marc:datafield tag="040" ind1=" " ind2=" ">
         <marc:subfield code="a">DE-576</marc:subfield>
         <marc:subfield code="b">ger</marc:subfield>
         <marc:subfield code="c">DE-576</marc:subfield>
         <marc:subfield code="e">rakwb</marc:subfield>
      </marc:datafield>
      <marc:datafield tag="041" ind1=" " ind2=" ">
         <marc:subfield code="a">ger</marc:subfield>
      </marc:datafield>
      <marc:datafield tag="044" ind1=" " ind2=" ">
         <marc:subfield code="c">XA-DE-BY</marc:subfield>
      </marc:datafield>
      <marc:datafield tag="082" ind1="0" ind2="4">
         <marc:subfield code="a">300</marc:subfield>
      </marc:datafield>
      <marc:datafield tag="084" ind1=" " ind2=" ">
         <marc:subfield code="a">33</marc:subfield>
         <marc:subfield code="a">14</marc:subfield>
         <marc:subfield code="2">sdnb</marc:subfield>
      </marc:datafield>
      <marc:datafield tag="084" ind1=" " ind2=" ">
         <marc:subfield code="a">14</marc:subfield>
         <marc:subfield code="a">33</marc:subfield>
         <marc:subfield code="2">sdnb</marc:subfield>
      </marc:datafield>
      <marc:datafield tag="084" ind1=" " ind2=" ">
         <marc:subfield code="a">DS 7250</marc:subfield>
         <marc:subfield code="2">rvk</marc:subfield>
         <marc:subfield code="0">(DE-625)rvk/19965:</marc:subfield>
      </marc:datafield>
      <marc:datafield tag="084" ind1=" " ind2=" ">
         <marc:subfield code="a">MS 5300</marc:subfield>
         <marc:subfield code="2">rvk</marc:subfield>
         <marc:subfield code="0">(DE-625)rvk/123723:</marc:subfield>
      </marc:datafield>
      <marc:datafield tag="084" ind1=" " ind2=" ">
         <marc:subfield code="a">44.63</marc:subfield>
         <marc:subfield code="2">bkl</marc:subfield>
      </marc:datafield>
      <marc:datafield tag="100" ind1="1" ind2=" ">
         <marc:subfield code="a">Heinlein, Michael</marc:subfield>
         <marc:subfield code="d">1977-</marc:subfield>
         <marc:subfield code="0">(DE-588)142514985</marc:subfield>
         <marc:subfield code="0">(DE-627)636718956</marc:subfield>
         <marc:subfield code="0">(DE-576)329789139</marc:subfield>
         <marc:subfield code="4">aut</marc:subfield>
      </marc:datafield>
      <marc:datafield tag="245" ind1="1" ind2="0">
         <marc:subfield code="a">Pflege in Aktion</marc:subfield>
         <marc:subfield code="b">zur Materialität alltäglicher Pflegepraxis</marc:subfield>
         <marc:subfield code="c">Michael Heinlein</marc:subfield>
      </marc:datafield>
      <marc:datafield tag="263" ind1=" " ind2=" ">
         <marc:subfield code="a">Pb. : EUR 19.80</marc:subfield>
      </marc:datafield>
      <marc:datafield tag="264" ind1=" " ind2="1">
         <marc:subfield code="a">München</marc:subfield>
         <marc:subfield code="a">Mering</marc:subfield>
         <marc:subfield code="b">Hampp</marc:subfield>
         <marc:subfield code="c">2003</marc:subfield>
      </marc:datafield>
      <marc:datafield tag="300" ind1=" " ind2=" ">
         <marc:subfield code="a">166 S</marc:subfield>
         <marc:subfield code="c">210 mm x 150 mm</marc:subfield>
      </marc:datafield>
      <marc:datafield tag="336" ind1=" " ind2=" ">
         <marc:subfield code="a">Text</marc:subfield>
         <marc:subfield code="b">txt</marc:subfield>
         <marc:subfield code="2">rdacontent</marc:subfield>
      </marc:datafield>
      <marc:datafield tag="337" ind1=" " ind2=" ">
         <marc:subfield code="a">ohne Hilfsmittel zu benutzen</marc:subfield>
         <marc:subfield code="b">n</marc:subfield>
         <marc:subfield code="2">rdamedia</marc:subfield>
      </marc:datafield>
      <marc:datafield tag="338" ind1=" " ind2=" ">
         <marc:subfield code="a">Band</marc:subfield>
         <marc:subfield code="b">nc</marc:subfield>
         <marc:subfield code="2">rdacarrier</marc:subfield>
      </marc:datafield>
      <marc:datafield tag="490" ind1="1" ind2=" ">
         <marc:subfield code="a">Arbeit und Leben im Umbruch</marc:subfield>
         <marc:subfield code="v">4</marc:subfield>
      </marc:datafield>
      <marc:datafield tag="502" ind1=" " ind2=" ">
         <marc:subfield code="a">Teilw. zugl.: München, Univ., Diplomarb.</marc:subfield>
      </marc:datafield>
      <marc:datafield tag="520" ind1=" " ind2=" ">
         <marc:subfield code="a">Pflege stellt ein komplexes Geschehen dar. Diesem Geschehen widmet sich das vorliegende Buch. Dabei werden zwei Anliegen verfolgt: Zum einen thematisiert diese Arbeit die Komplexität des Sozialen auch im Nicht-Sozialen, das heißt im Technischen und Materiellen. Spricht die Soziologie vom Sozialen, dann schließt sie, so die These des Autors, das Technische und Materielle als Bedingung der eigenen Möglichkeit aus. Mit dieser Einschränkung können soziale Abläufe jedoch nur zum Teil beschrieben werden. In empirischen Fallanalysen aus der stationären Altenpflege wird minutiös das Materielle und Technische wieder in die soziologische Argumentation eingeschlossen. Auf diese Weise öffnet sich der Raum für überraschende Einblicke in das "Soziale". Gleichzeitig versteht sich dieses Buch als Einführung in die Actor-Network Theory bzw. Symmetrische Anthropologie. Zum anderen kommt dieses Buch einem aktuellen Problemzusammenhang der stationären Altenpflege auf die Spur: Es geht um den Kundenbegriff und die ihn begleitenden Diskurse in der Fachliteratur der Altenpflege. Ausgehend von der These, dass die Autonomie und die Bedürftigkeit von Heimbewohnern die Leitkategorien dieser Diskurse darstellen, verortet der Autor diese Phänomene in der komplexen Praxis der Pflege. Jenseits der zum Teil stark verkürzenden Argumentation in der Fachliteratur entsteht eine dichte Beschreibung des Alltags in einem Pflegeheim, die den Leser an jeder Stelle hautnah die Praxis der Pflege miterleben lässt. Dass in dieser Praxis Autonomie und Bedürftigkeit technisch-materiell wie sozial vermittelt, hergestellt und übersetzt werden, stellt ein zentrales Ergebnis dieser Arbeit dar. Dieses Buch wendet sich sowohl an soziologisch interessierte Leser (v.a. Arbeits- und Organisationssoziologie, Dienstleistungsforschung, Techniksoziologie), als auch an Praktiker der (Alten-)Pflege. Dipl.-Soz. Michael Heinlein war Mitarbeiter des DFG-Projekts "Dienstleistung als Interaktion" und arbeitet schwerpunktmäßig in den Bereichen Arbeits-, Technik- und Umweltsoziologie sowie Dienstleistungsforschung</marc:subfield>
      </marc:datafield>
      <marc:datafield tag="583" ind1="1" ind2=" ">
         <marc:subfield code="a">Archivierung/Langzeitarchivierung geplant</marc:subfield>
         <marc:subfield code="c">20200919</marc:subfield>
         <marc:subfield code="f">DE-640</marc:subfield>
         <marc:subfield code="z">3</marc:subfield>
         <marc:subfield code="2">pdager</marc:subfield>
      </marc:datafield>
      <marc:datafield tag="591" ind1=" " ind2=" ">
         <marc:subfield code="a">hbztoc (GBV). - 5090 maschinell aus ähnlichen Titelaufnahmen ergänzt ; IMD-Felder und 1131 maschinell ergänzt (SWB)</marc:subfield>
      </marc:datafield>
      <marc:datafield tag="655" ind1=" " ind2="7">
         <marc:subfield code="a">Hochschulschrift</marc:subfield>
         <marc:subfield code="0">(DE-588)4113937-9</marc:subfield>
         <marc:subfield code="0">(DE-627)105825778</marc:subfield>
         <marc:subfield code="0">(DE-576)209480580</marc:subfield>
         <marc:subfield code="2">gnd-content</marc:subfield>
      </marc:datafield>
      <marc:datafield tag="689" ind1="0" ind2="0">
         <marc:subfield code="D">s</marc:subfield>
         <marc:subfield code="0">(DE-588)4277507-3</marc:subfield>
         <marc:subfield code="0">(DE-627)104420332</marc:subfield>
         <marc:subfield code="0">(DE-576)210727500</marc:subfield>
         <marc:subfield code="a">Stationäre Altenpflege</marc:subfield>
         <marc:subfield code="2">gnd</marc:subfield>
      </marc:datafield>
      <marc:datafield tag="689" ind1="0" ind2="1">
         <marc:subfield code="D">s</marc:subfield>
         <marc:subfield code="0">(DE-588)4077624-4</marc:subfield>
         <marc:subfield code="0">(DE-627)104152036</marc:subfield>
         <marc:subfield code="0">(DE-576)209205849</marc:subfield>
         <marc:subfield code="a">Soziologie</marc:subfield>
         <marc:subfield code="2">gnd</marc:subfield>
      </marc:datafield>
      <marc:datafield tag="689" ind1="0" ind2=" ">
         <marc:subfield code="5">DE-101</marc:subfield>
      </marc:datafield>
      <marc:datafield tag="689" ind1="1" ind2="0">
         <marc:subfield code="D">s</marc:subfield>
         <marc:subfield code="0">(DE-588)4277507-3</marc:subfield>
         <marc:subfield code="0">(DE-627)104420332</marc:subfield>
         <marc:subfield code="0">(DE-576)210727500</marc:subfield>
         <marc:subfield code="a">Stationäre Altenpflege</marc:subfield>
         <marc:subfield code="2">gnd</marc:subfield>
      </marc:datafield>
      <marc:datafield tag="689" ind1="1" ind2="1">
         <marc:subfield code="D">s</marc:subfield>
         <marc:subfield code="0">(DE-588)4077624-4</marc:subfield>
         <marc:subfield code="0">(DE-627)104152036</marc:subfield>
         <marc:subfield code="0">(DE-576)209205849</marc:subfield>
         <marc:subfield code="a">Soziologie</marc:subfield>
         <marc:subfield code="2">gnd</marc:subfield>
      </marc:datafield>
      <marc:datafield tag="689" ind1="1" ind2=" ">
         <marc:subfield code="5">(DE-627)</marc:subfield>
      </marc:datafield>
      <marc:datafield tag="751" ind1=" " ind2=" ">
         <marc:subfield code="a">München</marc:subfield>
         <marc:subfield code="4">uvp</marc:subfield>
      </marc:datafield>
      <marc:datafield tag="830" ind1=" " ind2="0">
         <marc:subfield code="a">Arbeit und Leben im Umbruch</marc:subfield>
         <marc:subfield code="v">4</marc:subfield>
         <marc:subfield code="9">4</marc:subfield>
         <marc:subfield code="w">(DE-627)387946365</marc:subfield>
         <marc:subfield code="w">(DE-576)089508483</marc:subfield>
         <marc:subfield code="w">(DE-600)2147167-8</marc:subfield>
         <marc:subfield code="x">1617-0407</marc:subfield>
      </marc:datafield>
      <marc:datafield tag="850" ind1=" " ind2=" ">
         <marc:subfield code="a">ab</marc:subfield>
      </marc:datafield>
      <marc:datafield tag="856" ind1="4" ind2="2">
         <marc:subfield code="u">http://www.gbv.de/dms/hbz/toc/ht013924219.pdf</marc:subfield>
         <marc:subfield code="m">V:DE-605</marc:subfield>
         <marc:subfield code="q">pdf/application</marc:subfield>
         <marc:subfield code="v">2008-11-15</marc:subfield>
         <marc:subfield code="x">Verlag</marc:subfield>
         <marc:subfield code="y">Inhaltsverzeichnis</marc:subfield>
         <marc:subfield code="3">Inhaltsverzeichnis</marc:subfield>
      </marc:datafield>
      <marc:datafield tag="856" ind1="4" ind2="2">
         <marc:subfield code="u">http://d-nb.info/969301898/04</marc:subfield>
         <marc:subfield code="m">V:DE-605</marc:subfield>
         <marc:subfield code="q">application/pdf</marc:subfield>
         <marc:subfield code="v">20130501</marc:subfield>
         <marc:subfield code="x">Verlag</marc:subfield>
         <marc:subfield code="3">Inhaltsverzeichnis</marc:subfield>
      </marc:datafield>
      <marc:datafield tag="856" ind1="4" ind2="2">
         <marc:subfield code="u">http://digitale-objekte.hbz-nrw.de/webclient/DeliveryManager?pid=1677600&amp;custom_att_2=simple_viewer</marc:subfield>
         <marc:subfield code="x">Verlag</marc:subfield>
         <marc:subfield code="y">Pflege in Aktion</marc:subfield>
         <marc:subfield code="3">Inhaltsverzeichnis</marc:subfield>
      </marc:datafield>
      <marc:datafield tag="935" ind1=" " ind2=" ">
         <marc:subfield code="i">Blocktest</marc:subfield>
      </marc:datafield>
      <marc:datafield tag="936" ind1="r" ind2="v">
         <marc:subfield code="a">DS 7250</marc:subfield>
         <marc:subfield code="b">Altenarbeit, Altenpflege, Sterbebegleitung</marc:subfield>
         <marc:subfield code="k">Pädagogik</marc:subfield>
         <marc:subfield code="k">Sozialpädagogik, Sozialarbeit</marc:subfield>
         <marc:subfield code="k">Berufsfelder</marc:subfield>
         <marc:subfield code="k">Altenarbeit, Altenpflege, Sterbebegleitung</marc:subfield>
         <marc:subfield code="0">(DE-627)1270784471</marc:subfield>
         <marc:subfield code="0">(DE-625)rvk/19965:</marc:subfield>
         <marc:subfield code="0">(DE-576)200784471</marc:subfield>
      </marc:datafield>
      <marc:datafield tag="936" ind1="r" ind2="v">
         <marc:subfield code="a">MS 5300</marc:subfield>
         <marc:subfield code="b">Einzelne Berufsgruppen</marc:subfield>
         <marc:subfield code="k">Soziologie</marc:subfield>
         <marc:subfield code="k">Spezielle Soziologien</marc:subfield>
         <marc:subfield code="k">Wirtschafts-, Industrie- und Techniksoziologie</marc:subfield>
         <marc:subfield code="k">Einzelne Berufsgruppen</marc:subfield>
         <marc:subfield code="0">(DE-627)1271441276</marc:subfield>
         <marc:subfield code="0">(DE-625)rvk/123723:</marc:subfield>
         <marc:subfield code="0">(DE-576)201441276</marc:subfield>
      </marc:datafield>
      <marc:datafield tag="936" ind1="b" ind2="k">
         <marc:subfield code="a">44.63</marc:subfield>
         <marc:subfield code="j">Krankenpflege</marc:subfield>
         <marc:subfield code="0">(DE-627)106409298</marc:subfield>
      </marc:datafield>
      <marc:datafield tag="951" ind1=" " ind2=" ">
         <marc:subfield code="a">BO</marc:subfield>
      </marc:datafield>
   </marc:record>