
   <marc:record>
      <marc:leader>     cam a22        4500</marc:leader>
      <marc:controlfield tag="001">106261304</marc:controlfield>
      <marc:controlfield tag="003">DE-576</marc:controlfield>
      <marc:controlfield tag="005">20201205101852.0</marc:controlfield>
      <marc:controlfield tag="007">tu</marc:controlfield>
      <marc:controlfield tag="008">030710s2003    gw |||||      00| ||ger c</marc:controlfield>
      <marc:datafield tag="015" ind1=" " ind2=" ">
         <marc:subfield code="a">03,N30,0211</marc:subfield>
         <marc:subfield code="2">dnb</marc:subfield>
      </marc:datafield>
      <marc:datafield tag="016" ind1="7" ind2=" ">
         <marc:subfield code="a">967958016</marc:subfield>
         <marc:subfield code="2">DE-101</marc:subfield>
      </marc:datafield>
      <marc:datafield tag="020" ind1=" " ind2=" ">
         <marc:subfield code="a">3518292765</marc:subfield>
         <marc:subfield code="c">Kt. : ca. EUR 9.00, CHF 16.10</marc:subfield>
         <marc:subfield code="9">3-518-29276-5</marc:subfield>
      </marc:datafield>
      <marc:datafield tag="024" ind1="3" ind2=" ">
         <marc:subfield code="a">9783518292761</marc:subfield>
      </marc:datafield>
      <marc:datafield tag="035" ind1=" " ind2=" ">
         <marc:subfield code="a">(DE-627)366396455</marc:subfield>
      </marc:datafield>
      <marc:datafield tag="035" ind1=" " ind2=" ">
         <marc:subfield code="a">(DE-576)106261304</marc:subfield>
      </marc:datafield>
      <marc:datafield tag="035" ind1=" " ind2=" ">
         <marc:subfield code="a">(DE-599)DNB967958016</marc:subfield>
      </marc:datafield>
      <marc:datafield tag="035" ind1=" " ind2=" ">
         <marc:subfield code="a">(OCoLC)231981253</marc:subfield>
      </marc:datafield>
      <marc:datafield tag="035" ind1=" " ind2=" ">
         <marc:subfield code="a">(OCoLC)55214596</marc:subfield>
      </marc:datafield>
      <marc:datafield tag="035" ind1=" " ind2=" ">
         <marc:subfield code="a">(OCoLC)231981253</marc:subfield>
      </marc:datafield>
      <marc:datafield tag="040" ind1=" " ind2=" ">
         <marc:subfield code="a">DE-576</marc:subfield>
         <marc:subfield code="b">ger</marc:subfield>
         <marc:subfield code="c">DE-576</marc:subfield>
         <marc:subfield code="e">rakwb</marc:subfield>
      </marc:datafield>
      <marc:datafield tag="041" ind1=" " ind2=" ">
         <marc:subfield code="a">ger</marc:subfield>
      </marc:datafield>
      <marc:datafield tag="041" ind1=" " ind2=" ">
         <marc:subfield code="h">fre</marc:subfield>
      </marc:datafield>
      <marc:datafield tag="044" ind1=" " ind2=" ">
         <marc:subfield code="c">XA-DE</marc:subfield>
      </marc:datafield>
      <marc:datafield tag="050" ind1=" " ind2="0">
         <marc:subfield code="a">B2430.M3763</marc:subfield>
      </marc:datafield>
      <marc:datafield tag="050" ind1=" " ind2="0">
         <marc:subfield code="a">B2430.M3763</marc:subfield>
      </marc:datafield>
      <marc:datafield tag="084" ind1=" " ind2=" ">
         <marc:subfield code="a">10</marc:subfield>
         <marc:subfield code="2">sdnb</marc:subfield>
      </marc:datafield>
      <marc:datafield tag="084" ind1=" " ind2=" ">
         <marc:subfield code="a">11</marc:subfield>
         <marc:subfield code="2">sdnb</marc:subfield>
      </marc:datafield>
      <marc:datafield tag="084" ind1=" " ind2=" ">
         <marc:subfield code="a">5,1</marc:subfield>
         <marc:subfield code="2">ssgn</marc:subfield>
      </marc:datafield>
      <marc:datafield tag="084" ind1=" " ind2=" ">
         <marc:subfield code="a">CI 6115</marc:subfield>
         <marc:subfield code="2">rvk</marc:subfield>
         <marc:subfield code="0">(DE-625)rvk/18501:11614</marc:subfield>
      </marc:datafield>
      <marc:datafield tag="084" ind1=" " ind2=" ">
         <marc:subfield code="a">CI 6104</marc:subfield>
         <marc:subfield code="2">rvk</marc:subfield>
         <marc:subfield code="0">(DE-625)rvk/18501:11603</marc:subfield>
      </marc:datafield>
      <marc:datafield tag="084" ind1=" " ind2=" ">
         <marc:subfield code="a">AP 84150</marc:subfield>
         <marc:subfield code="2">rvk</marc:subfield>
         <marc:subfield code="0">(DE-625)rvk/8032:</marc:subfield>
      </marc:datafield>
      <marc:datafield tag="084" ind1=" " ind2=" ">
         <marc:subfield code="a">CP 2000</marc:subfield>
         <marc:subfield code="2">rvk</marc:subfield>
         <marc:subfield code="0">(DE-625)rvk/18973:</marc:subfield>
      </marc:datafield>
      <marc:datafield tag="084" ind1=" " ind2=" ">
         <marc:subfield code="a">CI 6102</marc:subfield>
         <marc:subfield code="2">rvk</marc:subfield>
         <marc:subfield code="0">(DE-625)rvk/18501:11601</marc:subfield>
      </marc:datafield>
      <marc:datafield tag="084" ind1=" " ind2=" ">
         <marc:subfield code="a">08.25</marc:subfield>
         <marc:subfield code="2">bkl</marc:subfield>
      </marc:datafield>
      <marc:datafield tag="100" ind1="1" ind2=" ">
         <marc:subfield code="a">Merleau-Ponty, Maurice</marc:subfield>
         <marc:subfield code="d">1908-1961</marc:subfield>
         <marc:subfield code="0">(DE-588)118818619</marc:subfield>
         <marc:subfield code="0">(DE-627)035200413</marc:subfield>
         <marc:subfield code="0">(DE-576)20962826X</marc:subfield>
         <marc:subfield code="4">aut</marc:subfield>
      </marc:datafield>
      <marc:datafield tag="240" ind1="1" ind2="3">
         <marc:subfield code="a">Le primat de la perception et ses conséquences philosophiques &lt;dt.&gt;</marc:subfield>
      </marc:datafield>
      <marc:datafield tag="245" ind1="1" ind2="4">
         <marc:subfield code="a">Das Primat der Wahrnehmung</marc:subfield>
         <marc:subfield code="c">Maurice Merleau-Ponty. Hrsg. und mit einem Nachw. vers. von Lambert Wiesing. Aus dem Franz. von Jürgen Schröder</marc:subfield>
      </marc:datafield>
      <marc:datafield tag="250" ind1=" " ind2=" ">
         <marc:subfield code="a">Dt. Erstausg.</marc:subfield>
      </marc:datafield>
      <marc:datafield tag="263" ind1=" " ind2=" ">
         <marc:subfield code="a">Kt. : ca. EUR 9.00, CHF 16.10</marc:subfield>
      </marc:datafield>
      <marc:datafield tag="264" ind1=" " ind2="1">
         <marc:subfield code="a">Frankfurt am Main</marc:subfield>
         <marc:subfield code="b">Suhrkamp Verlag</marc:subfield>
         <marc:subfield code="c">c 2003</marc:subfield>
      </marc:datafield>
      <marc:datafield tag="300" ind1=" " ind2=" ">
         <marc:subfield code="a">131 S.</marc:subfield>
         <marc:subfield code="c">18 cm</marc:subfield>
      </marc:datafield>
      <marc:datafield tag="336" ind1=" " ind2=" ">
         <marc:subfield code="a">Text</marc:subfield>
         <marc:subfield code="b">txt</marc:subfield>
         <marc:subfield code="2">rdacontent</marc:subfield>
      </marc:datafield>
      <marc:datafield tag="337" ind1=" " ind2=" ">
         <marc:subfield code="a">ohne Hilfsmittel zu benutzen</marc:subfield>
         <marc:subfield code="b">n</marc:subfield>
         <marc:subfield code="2">rdamedia</marc:subfield>
      </marc:datafield>
      <marc:datafield tag="338" ind1=" " ind2=" ">
         <marc:subfield code="a">Band</marc:subfield>
         <marc:subfield code="b">nc</marc:subfield>
         <marc:subfield code="2">rdacarrier</marc:subfield>
      </marc:datafield>
      <marc:datafield tag="490" ind1="0" ind2=" ">
         <marc:subfield code="a">Suhrkamp-Taschenbuch Wissenschaft</marc:subfield>
         <marc:subfield code="v">1676</marc:subfield>
      </marc:datafield>
      <marc:datafield tag="500" ind1=" " ind2=" ">
         <marc:subfield code="a">Hier auch später erschienene, unveränderte Nachdrucke</marc:subfield>
      </marc:datafield>
      <marc:datafield tag="501" ind1=" " ind2=" ">
         <marc:subfield code="a">Literaturverz. zur Wahrnehmungsphilosophie von Maurice Merleau-Ponty S. 128 - [132]</marc:subfield>
      </marc:datafield>
      <marc:datafield tag="591" ind1=" " ind2=" ">
         <marc:subfield code="a">720:MA0501/smt ; IMD-Felder und 1131 maschinell ergänzt (SWB)</marc:subfield>
      </marc:datafield>
      <marc:datafield tag="650" ind1=" " ind2="4">
         <marc:subfield code="a">Consciousness</marc:subfield>
      </marc:datafield>
      <marc:datafield tag="650" ind1=" " ind2="4">
         <marc:subfield code="a">Perception (Philosophy)</marc:subfield>
      </marc:datafield>
      <marc:datafield tag="689" ind1="0" ind2="0">
         <marc:subfield code="D">s</marc:subfield>
         <marc:subfield code="0">(DE-588)4064317-7</marc:subfield>
         <marc:subfield code="0">(DE-627)106124315</marc:subfield>
         <marc:subfield code="0">(DE-576)209152699</marc:subfield>
         <marc:subfield code="a">Wahrnehmung</marc:subfield>
         <marc:subfield code="2">gnd</marc:subfield>
      </marc:datafield>
      <marc:datafield tag="689" ind1="0" ind2=" ">
         <marc:subfield code="5">DE-101</marc:subfield>
      </marc:datafield>
      <marc:datafield tag="689" ind1="1" ind2="0">
         <marc:subfield code="D">p</marc:subfield>
         <marc:subfield code="0">(DE-588)118818619</marc:subfield>
         <marc:subfield code="0">(DE-627)035200413</marc:subfield>
         <marc:subfield code="0">(DE-576)20962826X</marc:subfield>
         <marc:subfield code="a">Merleau-Ponty, Maurice</marc:subfield>
         <marc:subfield code="d">1908-1961</marc:subfield>
         <marc:subfield code="2">gnd</marc:subfield>
      </marc:datafield>
      <marc:datafield tag="689" ind1="1" ind2="1">
         <marc:subfield code="D">s</marc:subfield>
         <marc:subfield code="0">(DE-588)4064317-7</marc:subfield>
         <marc:subfield code="0">(DE-627)106124315</marc:subfield>
         <marc:subfield code="0">(DE-576)209152699</marc:subfield>
         <marc:subfield code="a">Wahrnehmung</marc:subfield>
         <marc:subfield code="2">gnd</marc:subfield>
      </marc:datafield>
      <marc:datafield tag="689" ind1="1" ind2="2">
         <marc:subfield code="D">s</marc:subfield>
         <marc:subfield code="0">(DE-588)4045660-2</marc:subfield>
         <marc:subfield code="0">(DE-627)106200755</marc:subfield>
         <marc:subfield code="0">(DE-576)209066334</marc:subfield>
         <marc:subfield code="a">Phänomenologie</marc:subfield>
         <marc:subfield code="2">gnd</marc:subfield>
      </marc:datafield>
      <marc:datafield tag="689" ind1="1" ind2=" ">
         <marc:subfield code="5">DE-101</marc:subfield>
      </marc:datafield>
      <marc:datafield tag="689" ind1="2" ind2="0">
         <marc:subfield code="D">s</marc:subfield>
         <marc:subfield code="0">(DE-588)4064317-7</marc:subfield>
         <marc:subfield code="0">(DE-627)106124315</marc:subfield>
         <marc:subfield code="0">(DE-576)209152699</marc:subfield>
         <marc:subfield code="a">Wahrnehmung</marc:subfield>
         <marc:subfield code="2">gnd</marc:subfield>
      </marc:datafield>
      <marc:datafield tag="689" ind1="2" ind2=" ">
         <marc:subfield code="5">(DE-627)</marc:subfield>
      </marc:datafield>
      <marc:datafield tag="689" ind1="3" ind2="0">
         <marc:subfield code="D">p</marc:subfield>
         <marc:subfield code="0">(DE-588)118818619</marc:subfield>
         <marc:subfield code="0">(DE-627)035200413</marc:subfield>
         <marc:subfield code="0">(DE-576)20962826X</marc:subfield>
         <marc:subfield code="a">Merleau-Ponty, Maurice</marc:subfield>
         <marc:subfield code="d">1908-1961</marc:subfield>
         <marc:subfield code="2">gnd</marc:subfield>
      </marc:datafield>
      <marc:datafield tag="689" ind1="3" ind2="1">
         <marc:subfield code="D">s</marc:subfield>
         <marc:subfield code="0">(DE-588)4064317-7</marc:subfield>
         <marc:subfield code="0">(DE-627)106124315</marc:subfield>
         <marc:subfield code="0">(DE-576)209152699</marc:subfield>
         <marc:subfield code="a">Wahrnehmung</marc:subfield>
         <marc:subfield code="2">gnd</marc:subfield>
      </marc:datafield>
      <marc:datafield tag="689" ind1="3" ind2="2">
         <marc:subfield code="D">s</marc:subfield>
         <marc:subfield code="0">(DE-588)4045660-2</marc:subfield>
         <marc:subfield code="0">(DE-627)106200755</marc:subfield>
         <marc:subfield code="0">(DE-576)209066334</marc:subfield>
         <marc:subfield code="a">Phänomenologie</marc:subfield>
         <marc:subfield code="2">gnd</marc:subfield>
      </marc:datafield>
      <marc:datafield tag="689" ind1="3" ind2=" ">
         <marc:subfield code="5">(DE-627)</marc:subfield>
      </marc:datafield>
      <marc:datafield tag="700" ind1="1" ind2=" ">
         <marc:subfield code="a">Wiesing, Lambert</marc:subfield>
         <marc:subfield code="d">1963-</marc:subfield>
         <marc:subfield code="e">Hrsg.</marc:subfield>
         <marc:subfield code="0">(DE-588)124348645</marc:subfield>
         <marc:subfield code="0">(DE-627)085803286</marc:subfield>
         <marc:subfield code="0">(DE-576)167982982</marc:subfield>
         <marc:subfield code="4">edt</marc:subfield>
      </marc:datafield>
      <marc:datafield tag="700" ind1="1" ind2=" ">
         <marc:subfield code="a">Schröder, Jürgen</marc:subfield>
         <marc:subfield code="4">oth</marc:subfield>
      </marc:datafield>
      <marc:datafield tag="700" ind1="1" ind2="2">
         <marc:subfield code="a">Merleau-Ponty, Maurice</marc:subfield>
         <marc:subfield code="d">1908-1961</marc:subfield>
         <marc:subfield code="t">Le primat de la perception et ses conséquences philosophiques &lt;dt.&gt;</marc:subfield>
      </marc:datafield>
      <marc:datafield tag="856" ind1="4" ind2="2">
         <marc:subfield code="u">http://d-nb.info/967958016/04</marc:subfield>
         <marc:subfield code="m">B:DE-101</marc:subfield>
         <marc:subfield code="q">pdf/application</marc:subfield>
         <marc:subfield code="v">20161127003401</marc:subfield>
         <marc:subfield code="x">Verlag</marc:subfield>
         <marc:subfield code="3">Inhaltsverzeichnis</marc:subfield>
      </marc:datafield>
      <marc:datafield tag="935" ind1=" " ind2=" ">
         <marc:subfield code="i">Blocktest</marc:subfield>
      </marc:datafield>
      <marc:datafield tag="936" ind1="r" ind2="v">
         <marc:subfield code="a">CI 6115</marc:subfield>
         <marc:subfield code="b">Kommentare zu einzelnen Werken</marc:subfield>
         <marc:subfield code="k">Philosophie</marc:subfield>
         <marc:subfield code="k">Geschichte der Philosophie</marc:subfield>
         <marc:subfield code="k">Geschichte der Philosophie des Abendlandes von Antike bis 20. Jahrhundert</marc:subfield>
         <marc:subfield code="k">Philosophie des 20. Jahrhunderts</marc:subfield>
         <marc:subfield code="k">Frankreich und französischsprachige Länder sowie Rumänien</marc:subfield>
         <marc:subfield code="k">Autoren</marc:subfield>
         <marc:subfield code="k">Merleau-Ponty, Maurice</marc:subfield>
         <marc:subfield code="k">Kommentare zu einzelnen Werken</marc:subfield>
         <marc:subfield code="0">(DE-627)1273572599</marc:subfield>
         <marc:subfield code="0">(DE-625)rvk/18501:11614</marc:subfield>
         <marc:subfield code="0">(DE-576)203572599</marc:subfield>
      </marc:datafield>
      <marc:datafield tag="936" ind1="r" ind2="v">
         <marc:subfield code="a">CI 6104</marc:subfield>
         <marc:subfield code="b">Einzelschriften</marc:subfield>
         <marc:subfield code="k">Philosophie</marc:subfield>
         <marc:subfield code="k">Geschichte der Philosophie</marc:subfield>
         <marc:subfield code="k">Geschichte der Philosophie des Abendlandes von Antike bis 20. Jahrhundert</marc:subfield>
         <marc:subfield code="k">Philosophie des 20. Jahrhunderts</marc:subfield>
         <marc:subfield code="k">Frankreich und französischsprachige Länder sowie Rumänien</marc:subfield>
         <marc:subfield code="k">Autoren</marc:subfield>
         <marc:subfield code="k">Merleau-Ponty, Maurice</marc:subfield>
         <marc:subfield code="k">Einzelschriften</marc:subfield>
         <marc:subfield code="0">(DE-627)1271489082</marc:subfield>
         <marc:subfield code="0">(DE-625)rvk/18501:11603</marc:subfield>
         <marc:subfield code="0">(DE-576)201489082</marc:subfield>
      </marc:datafield>
      <marc:datafield tag="936" ind1="r" ind2="v">
         <marc:subfield code="a">AP 84150</marc:subfield>
         <marc:subfield code="b">Psychologie, Medizin</marc:subfield>
         <marc:subfield code="k">Allgemeines</marc:subfield>
         <marc:subfield code="k">Medien- und Kommunikationswissenschaften, Kommunikationsdesign</marc:subfield>
         <marc:subfield code="k">Tanz</marc:subfield>
         <marc:subfield code="k">Natur und Kultur des Tanzes, Forschung</marc:subfield>
         <marc:subfield code="k">Psychologie, Medizin</marc:subfield>
         <marc:subfield code="0">(DE-627)1270693395</marc:subfield>
         <marc:subfield code="0">(DE-625)rvk/8032:</marc:subfield>
         <marc:subfield code="0">(DE-576)200693395</marc:subfield>
      </marc:datafield>
      <marc:datafield tag="936" ind1="r" ind2="v">
         <marc:subfield code="a">CP 2000</marc:subfield>
         <marc:subfield code="b">Wahrnehmung allgemein</marc:subfield>
         <marc:subfield code="k">Psychologie</marc:subfield>
         <marc:subfield code="k">Allgemeine Psychologie</marc:subfield>
         <marc:subfield code="k">Wahrnehmung allgemein</marc:subfield>
         <marc:subfield code="0">(DE-627)1271489074</marc:subfield>
         <marc:subfield code="0">(DE-625)rvk/18973:</marc:subfield>
         <marc:subfield code="0">(DE-576)201489074</marc:subfield>
      </marc:datafield>
      <marc:datafield tag="936" ind1="r" ind2="v">
         <marc:subfield code="a">CI 6102</marc:subfield>
         <marc:subfield code="b">Teilsammlungen</marc:subfield>
         <marc:subfield code="k">Philosophie</marc:subfield>
         <marc:subfield code="k">Geschichte der Philosophie</marc:subfield>
         <marc:subfield code="k">Geschichte der Philosophie des Abendlandes von Antike bis 20. Jahrhundert</marc:subfield>
         <marc:subfield code="k">Philosophie des 20. Jahrhunderts</marc:subfield>
         <marc:subfield code="k">Frankreich und französischsprachige Länder sowie Rumänien</marc:subfield>
         <marc:subfield code="k">Autoren</marc:subfield>
         <marc:subfield code="k">Merleau-Ponty, Maurice</marc:subfield>
         <marc:subfield code="k">Teilsammlungen</marc:subfield>
         <marc:subfield code="0">(DE-627)1272247597</marc:subfield>
         <marc:subfield code="0">(DE-625)rvk/18501:11601</marc:subfield>
         <marc:subfield code="0">(DE-576)202247597</marc:subfield>
      </marc:datafield>
      <marc:datafield tag="936" ind1="b" ind2="k">
         <marc:subfield code="a">08.25</marc:subfield>
         <marc:subfield code="j">Zeitgenössische westliche Philosophie</marc:subfield>
         <marc:subfield code="0">(DE-627)106403672</marc:subfield>
      </marc:datafield>
      <marc:datafield tag="951" ind1=" " ind2=" ">
         <marc:subfield code="a">BO</marc:subfield>
      </marc:datafield>
   </marc:record>