
   <marc:record>
      <marc:leader>     cam a22        4500</marc:leader>
      <marc:controlfield tag="001">106718223</marc:controlfield>
      <marc:controlfield tag="003">DE-576</marc:controlfield>
      <marc:controlfield tag="005">20201206215526.0</marc:controlfield>
      <marc:controlfield tag="007">tu</marc:controlfield>
      <marc:controlfield tag="008">030617s2003    gw |||||      00| ||ger c</marc:controlfield>
      <marc:datafield tag="015" ind1=" " ind2=" ">
         <marc:subfield code="a">03,N15,1221</marc:subfield>
         <marc:subfield code="2">dnb</marc:subfield>
      </marc:datafield>
      <marc:datafield tag="015" ind1=" " ind2=" ">
         <marc:subfield code="a">03,A33,0906</marc:subfield>
         <marc:subfield code="2">dnb</marc:subfield>
      </marc:datafield>
      <marc:datafield tag="016" ind1="7" ind2=" ">
         <marc:subfield code="a">96665403X</marc:subfield>
         <marc:subfield code="2">DE-101</marc:subfield>
      </marc:datafield>
      <marc:datafield tag="020" ind1=" " ind2=" ">
         <marc:subfield code="a">3898760871</marc:subfield>
         <marc:subfield code="c">Gb. : EUR 39.95, CHF 68.50</marc:subfield>
         <marc:subfield code="9">3-89876-087-1</marc:subfield>
      </marc:datafield>
      <marc:datafield tag="024" ind1="3" ind2=" ">
         <marc:subfield code="a">9783898760874</marc:subfield>
      </marc:datafield>
      <marc:datafield tag="035" ind1=" " ind2=" ">
         <marc:subfield code="a">(DE-627)365198846</marc:subfield>
      </marc:datafield>
      <marc:datafield tag="035" ind1=" " ind2=" ">
         <marc:subfield code="a">(DE-576)106718223</marc:subfield>
      </marc:datafield>
      <marc:datafield tag="035" ind1=" " ind2=" ">
         <marc:subfield code="a">(DE-599)GBV365198846</marc:subfield>
      </marc:datafield>
      <marc:datafield tag="035" ind1=" " ind2=" ">
         <marc:subfield code="a">(OCoLC)248875189</marc:subfield>
      </marc:datafield>
      <marc:datafield tag="035" ind1=" " ind2=" ">
         <marc:subfield code="a">(OCoLC)55514005</marc:subfield>
      </marc:datafield>
      <marc:datafield tag="035" ind1=" " ind2=" ">
         <marc:subfield code="a">(OCoLC)248875189</marc:subfield>
      </marc:datafield>
      <marc:datafield tag="040" ind1=" " ind2=" ">
         <marc:subfield code="a">DE-576</marc:subfield>
         <marc:subfield code="b">ger</marc:subfield>
         <marc:subfield code="c">DE-576</marc:subfield>
         <marc:subfield code="e">rakwb</marc:subfield>
      </marc:datafield>
      <marc:datafield tag="041" ind1=" " ind2=" ">
         <marc:subfield code="a">ger</marc:subfield>
      </marc:datafield>
      <marc:datafield tag="044" ind1=" " ind2=" ">
         <marc:subfield code="c">XA-DE</marc:subfield>
      </marc:datafield>
      <marc:datafield tag="084" ind1=" " ind2=" ">
         <marc:subfield code="a">25</marc:subfield>
         <marc:subfield code="2">sdnb</marc:subfield>
      </marc:datafield>
      <marc:datafield tag="084" ind1=" " ind2=" ">
         <marc:subfield code="a">LB 24080</marc:subfield>
         <marc:subfield code="2">rvk</marc:subfield>
         <marc:subfield code="0">(DE-625)rvk/90518:797</marc:subfield>
      </marc:datafield>
      <marc:datafield tag="084" ind1=" " ind2=" ">
         <marc:subfield code="a">LC 87080</marc:subfield>
         <marc:subfield code="2">rvk</marc:subfield>
         <marc:subfield code="0">(DE-625)rvk/90699:797</marc:subfield>
      </marc:datafield>
      <marc:datafield tag="084" ind1=" " ind2=" ">
         <marc:subfield code="a">AP 85418</marc:subfield>
         <marc:subfield code="2">rvk</marc:subfield>
         <marc:subfield code="0">(DE-625)rvk/8054:676</marc:subfield>
      </marc:datafield>
      <marc:datafield tag="084" ind1=" " ind2=" ">
         <marc:subfield code="a">73.83</marc:subfield>
         <marc:subfield code="2">bkl</marc:subfield>
      </marc:datafield>
      <marc:datafield tag="084" ind1=" " ind2=" ">
         <marc:subfield code="a">24.68</marc:subfield>
         <marc:subfield code="2">bkl</marc:subfield>
      </marc:datafield>
      <marc:datafield tag="245" ind1="1" ind2="0">
         <marc:subfield code="a">Heut geht's nach Sachsen 'naus!</marc:subfield>
         <marc:subfield code="b">aus dem Schatz sächsischer Volkskultur ; eine Materialsammlung</marc:subfield>
         <marc:subfield code="c">gesichtet, ausgew., bearb., fachlich komment. u. hrsg. von Fred Petzold</marc:subfield>
      </marc:datafield>
      <marc:datafield tag="263" ind1=" " ind2=" ">
         <marc:subfield code="a">EUR 39.95, sfr 68.50</marc:subfield>
      </marc:datafield>
      <marc:datafield tag="264" ind1=" " ind2="1">
         <marc:subfield code="a">Husum</marc:subfield>
         <marc:subfield code="b">Husum Druck- und Verlagsgesellschaft mbH &amp; Co. KG</marc:subfield>
         <marc:subfield code="c">2003</marc:subfield>
      </marc:datafield>
      <marc:datafield tag="300" ind1=" " ind2=" ">
         <marc:subfield code="a">653 S</marc:subfield>
         <marc:subfield code="b">Ill., Notenbeisp</marc:subfield>
         <marc:subfield code="c">25 cm</marc:subfield>
      </marc:datafield>
      <marc:datafield tag="336" ind1=" " ind2=" ">
         <marc:subfield code="a">Text</marc:subfield>
         <marc:subfield code="b">txt</marc:subfield>
         <marc:subfield code="2">rdacontent</marc:subfield>
      </marc:datafield>
      <marc:datafield tag="337" ind1=" " ind2=" ">
         <marc:subfield code="a">ohne Hilfsmittel zu benutzen</marc:subfield>
         <marc:subfield code="b">n</marc:subfield>
         <marc:subfield code="2">rdamedia</marc:subfield>
      </marc:datafield>
      <marc:datafield tag="338" ind1=" " ind2=" ">
         <marc:subfield code="a">Band</marc:subfield>
         <marc:subfield code="b">nc</marc:subfield>
         <marc:subfield code="2">rdacarrier</marc:subfield>
      </marc:datafield>
      <marc:datafield tag="583" ind1="1" ind2=" ">
         <marc:subfield code="a">Archivierung/Langzeitarchivierung geplant</marc:subfield>
         <marc:subfield code="c">20200919</marc:subfield>
         <marc:subfield code="f">DE-640</marc:subfield>
         <marc:subfield code="z">1</marc:subfield>
         <marc:subfield code="2">pdager</marc:subfield>
      </marc:datafield>
      <marc:datafield tag="591" ind1=" " ind2=" ">
         <marc:subfield code="a">720 ddsu/sgi ; IMD-Felder und 1131 maschinell ergänzt (SWB)</marc:subfield>
      </marc:datafield>
      <marc:datafield tag="650" ind1="0" ind2="7">
         <marc:subfield code="0">(DE-588)4001307-8</marc:subfield>
         <marc:subfield code="0">(DE-627)106397591</marc:subfield>
         <marc:subfield code="0">(DE-576)20884225X</marc:subfield>
         <marc:subfield code="a">Alltag</marc:subfield>
         <marc:subfield code="2">gnd</marc:subfield>
      </marc:datafield>
      <marc:datafield tag="650" ind1="0" ind2="7">
         <marc:subfield code="0">(DE-588)4008017-1</marc:subfield>
         <marc:subfield code="0">(DE-627)106370308</marc:subfield>
         <marc:subfield code="0">(DE-576)208873813</marc:subfield>
         <marc:subfield code="a">Brauchtum</marc:subfield>
         <marc:subfield code="2">gnd</marc:subfield>
      </marc:datafield>
      <marc:datafield tag="651" ind1=" " ind2="7">
         <marc:subfield code="0">(DE-588)4015476-2</marc:subfield>
         <marc:subfield code="0">(DE-627)104383917</marc:subfield>
         <marc:subfield code="0">(DE-576)208911863</marc:subfield>
         <marc:subfield code="a">Erzgebirge</marc:subfield>
         <marc:subfield code="2">gnd</marc:subfield>
      </marc:datafield>
      <marc:datafield tag="650" ind1="0" ind2="7">
         <marc:subfield code="0">(DE-588)4023299-2</marc:subfield>
         <marc:subfield code="0">(DE-627)104347007</marc:subfield>
         <marc:subfield code="0">(DE-576)208948392</marc:subfield>
         <marc:subfield code="a">Handwerk</marc:subfield>
         <marc:subfield code="2">gnd</marc:subfield>
      </marc:datafield>
      <marc:datafield tag="650" ind1="0" ind2="7">
         <marc:subfield code="0">(DE-588)4127794-6</marc:subfield>
         <marc:subfield code="0">(DE-627)104393661</marc:subfield>
         <marc:subfield code="0">(DE-576)209596589</marc:subfield>
         <marc:subfield code="a">Heimatkunde</marc:subfield>
         <marc:subfield code="2">gnd</marc:subfield>
      </marc:datafield>
      <marc:datafield tag="650" ind1="0" ind2="7">
         <marc:subfield code="0">(DE-588)4030550-8</marc:subfield>
         <marc:subfield code="0">(DE-627)104360100</marc:subfield>
         <marc:subfield code="0">(DE-576)208988165</marc:subfield>
         <marc:subfield code="a">Kind</marc:subfield>
         <marc:subfield code="2">gnd</marc:subfield>
      </marc:datafield>
      <marc:datafield tag="651" ind1=" " ind2="7">
         <marc:subfield code="0">(DE-588)4042942-8</marc:subfield>
         <marc:subfield code="0">(DE-627)104697156</marc:subfield>
         <marc:subfield code="0">(DE-576)209053348</marc:subfield>
         <marc:subfield code="a">Oberlausitz</marc:subfield>
         <marc:subfield code="2">gnd</marc:subfield>
      </marc:datafield>
      <marc:datafield tag="651" ind1=" " ind2="7">
         <marc:subfield code="0">(DE-588)4051176-5</marc:subfield>
         <marc:subfield code="0">(DE-627)106178245</marc:subfield>
         <marc:subfield code="0">(DE-576)209091789</marc:subfield>
         <marc:subfield code="a">Sachsen</marc:subfield>
         <marc:subfield code="2">gnd</marc:subfield>
      </marc:datafield>
      <marc:datafield tag="650" ind1="0" ind2="7">
         <marc:subfield code="0">(DE-588)4055619-0</marc:subfield>
         <marc:subfield code="0">(DE-627)104730277</marc:subfield>
         <marc:subfield code="0">(DE-576)209114738</marc:subfield>
         <marc:subfield code="a">Sorben</marc:subfield>
         <marc:subfield code="2">gnd</marc:subfield>
      </marc:datafield>
      <marc:datafield tag="650" ind1="0" ind2="7">
         <marc:subfield code="0">(DE-588)4059028-8</marc:subfield>
         <marc:subfield code="0">(DE-627)106144979</marc:subfield>
         <marc:subfield code="0">(DE-576)209129018</marc:subfield>
         <marc:subfield code="a">Tanz</marc:subfield>
         <marc:subfield code="2">gnd</marc:subfield>
      </marc:datafield>
      <marc:datafield tag="651" ind1=" " ind2="7">
         <marc:subfield code="0">(DE-588)4063754-2</marc:subfield>
         <marc:subfield code="0">(DE-627)104419067</marc:subfield>
         <marc:subfield code="0">(DE-576)209150254</marc:subfield>
         <marc:subfield code="a">Vogtland</marc:subfield>
         <marc:subfield code="2">gnd</marc:subfield>
      </marc:datafield>
      <marc:datafield tag="650" ind1="0" ind2="7">
         <marc:subfield code="0">(DE-588)4063849-2</marc:subfield>
         <marc:subfield code="0">(DE-627)106126148</marc:subfield>
         <marc:subfield code="0">(DE-576)209150726</marc:subfield>
         <marc:subfield code="a">Volkskultur</marc:subfield>
         <marc:subfield code="2">gnd</marc:subfield>
      </marc:datafield>
      <marc:datafield tag="650" ind1="0" ind2="7">
         <marc:subfield code="0">(DE-588)4063852-2</marc:subfield>
         <marc:subfield code="0">(DE-627)104340371</marc:subfield>
         <marc:subfield code="0">(DE-576)209150742</marc:subfield>
         <marc:subfield code="a">Volkslied</marc:subfield>
         <marc:subfield code="2">gnd</marc:subfield>
      </marc:datafield>
      <marc:datafield tag="650" ind1="0" ind2="7">
         <marc:subfield code="0">(DE-588)4135284-1</marc:subfield>
         <marc:subfield code="0">(DE-627)104755954</marc:subfield>
         <marc:subfield code="0">(DE-576)209659459</marc:subfield>
         <marc:subfield code="a">Volksliteratur</marc:subfield>
         <marc:subfield code="2">gnd</marc:subfield>
      </marc:datafield>
      <marc:datafield tag="650" ind1="0" ind2="7">
         <marc:subfield code="0">(DE-588)4063869-8</marc:subfield>
         <marc:subfield code="0">(DE-627)106126067</marc:subfield>
         <marc:subfield code="0">(DE-576)209150815</marc:subfield>
         <marc:subfield code="a">Volkstanz</marc:subfield>
         <marc:subfield code="2">gnd</marc:subfield>
      </marc:datafield>
      <marc:datafield tag="689" ind1="0" ind2="0">
         <marc:subfield code="D">g</marc:subfield>
         <marc:subfield code="0">(DE-588)4051176-5</marc:subfield>
         <marc:subfield code="0">(DE-627)106178245</marc:subfield>
         <marc:subfield code="0">(DE-576)209091789</marc:subfield>
         <marc:subfield code="a">Sachsen</marc:subfield>
         <marc:subfield code="2">gnd</marc:subfield>
      </marc:datafield>
      <marc:datafield tag="689" ind1="0" ind2="1">
         <marc:subfield code="D">s</marc:subfield>
         <marc:subfield code="0">(DE-588)4063849-2</marc:subfield>
         <marc:subfield code="0">(DE-627)106126148</marc:subfield>
         <marc:subfield code="0">(DE-576)209150726</marc:subfield>
         <marc:subfield code="a">Volkskultur</marc:subfield>
         <marc:subfield code="2">gnd</marc:subfield>
      </marc:datafield>
      <marc:datafield tag="689" ind1="0" ind2=" ">
         <marc:subfield code="5">DE-101</marc:subfield>
      </marc:datafield>
      <marc:datafield tag="700" ind1="1" ind2=" ">
         <marc:subfield code="a">Petzold, Fred</marc:subfield>
         <marc:subfield code="e">Hrsg.</marc:subfield>
         <marc:subfield code="4">edt</marc:subfield>
      </marc:datafield>
      <marc:datafield tag="850" ind1=" " ind2=" ">
         <marc:subfield code="a">ab</marc:subfield>
      </marc:datafield>
      <marc:datafield tag="935" ind1=" " ind2=" ">
         <marc:subfield code="a">SAXB</marc:subfield>
      </marc:datafield>
      <marc:datafield tag="935" ind1=" " ind2=" ">
         <marc:subfield code="i">Blocktest</marc:subfield>
      </marc:datafield>
      <marc:datafield tag="936" ind1="r" ind2="v">
         <marc:subfield code="a">LB 24080</marc:subfield>
         <marc:subfield code="b">Sachsen</marc:subfield>
         <marc:subfield code="k">Ethnologie</marc:subfield>
         <marc:subfield code="k">Gesamtdarstellungen und Sammelwerke</marc:subfield>
         <marc:subfield code="k">Gesamtdarstellungen, einzelnes</marc:subfield>
         <marc:subfield code="k">Europa</marc:subfield>
         <marc:subfield code="k">Mitteleuropa</marc:subfield>
         <marc:subfield code="k">Deutschland</marc:subfield>
         <marc:subfield code="k">Mittel- und Westdeutschland</marc:subfield>
         <marc:subfield code="k">Sachsen</marc:subfield>
         <marc:subfield code="0">(DE-627)1271550415</marc:subfield>
         <marc:subfield code="0">(DE-625)rvk/90518:797</marc:subfield>
         <marc:subfield code="0">(DE-576)201550415</marc:subfield>
      </marc:datafield>
      <marc:datafield tag="936" ind1="r" ind2="v">
         <marc:subfield code="a">LC 87080</marc:subfield>
         <marc:subfield code="b">Sachsen</marc:subfield>
         <marc:subfield code="k">Ethnologie</marc:subfield>
         <marc:subfield code="k">Kunst und Wissen</marc:subfield>
         <marc:subfield code="k">Theater-, Musik- und Kunstethnologie</marc:subfield>
         <marc:subfield code="k">Musik, Klang, Akkustik</marc:subfield>
         <marc:subfield code="k">Europa</marc:subfield>
         <marc:subfield code="k">Mitteleuropa</marc:subfield>
         <marc:subfield code="k">Deutschland</marc:subfield>
         <marc:subfield code="k">Mittel- und Westdeutschland</marc:subfield>
         <marc:subfield code="k">Sachsen</marc:subfield>
         <marc:subfield code="0">(DE-627)1272699552</marc:subfield>
         <marc:subfield code="0">(DE-625)rvk/90699:797</marc:subfield>
         <marc:subfield code="0">(DE-576)202699552</marc:subfield>
      </marc:datafield>
      <marc:datafield tag="936" ind1="r" ind2="v">
         <marc:subfield code="a">AP 85418</marc:subfield>
         <marc:subfield code="b">Deutschland (Östliche Länder) / DDR mit Berlin &lt;Ost&gt;</marc:subfield>
         <marc:subfield code="k">Allgemeines</marc:subfield>
         <marc:subfield code="k">Medien- und Kommunikationswissenschaften, Kommunikationsdesign</marc:subfield>
         <marc:subfield code="k">Tanz</marc:subfield>
         <marc:subfield code="k">Volkstanz</marc:subfield>
         <marc:subfield code="k">Volkstänze in einzelnen Ländern</marc:subfield>
         <marc:subfield code="k">Europa</marc:subfield>
         <marc:subfield code="k">Mitteleuropa</marc:subfield>
         <marc:subfield code="k">Deutschland</marc:subfield>
         <marc:subfield code="k">Deutschland (Östliche Länder) / DDR mit Berlin &lt;Ost&gt;</marc:subfield>
         <marc:subfield code="0">(DE-627)1273380886</marc:subfield>
         <marc:subfield code="0">(DE-625)rvk/8054:676</marc:subfield>
         <marc:subfield code="0">(DE-576)203380886</marc:subfield>
      </marc:datafield>
      <marc:datafield tag="936" ind1="b" ind2="k">
         <marc:subfield code="a">73.83</marc:subfield>
         <marc:subfield code="j">Regionale Volkskunde</marc:subfield>
         <marc:subfield code="0">(DE-627)181571412</marc:subfield>
      </marc:datafield>
      <marc:datafield tag="936" ind1="b" ind2="k">
         <marc:subfield code="a">24.68</marc:subfield>
         <marc:subfield code="j">Musikformen</marc:subfield>
         <marc:subfield code="j">Musikgattungen: Sonstiges</marc:subfield>
         <marc:subfield code="0">(DE-627)106406442</marc:subfield>
      </marc:datafield>
      <marc:datafield tag="951" ind1=" " ind2=" ">
         <marc:subfield code="a">BO</marc:subfield>
      </marc:datafield>
   </marc:record>